2075 3585
265 263 321 305 88
485 277 541 306 DE
574 278 823 306 LATINITATE
856 278 1246 307 PEREGRINATIONIS
1279 279 1336 306 AD
1369 278 1479 307 LOCA
1514 278 1674 306 SANCTA

328 369 473 430 Apud
505 370 854 430 Fredegarium
880 371 1045 416 deesse
1079 369 1236 416 liabeo
1268 371 1440 432 faeere
1473 371 1729 417 adnotauit
1753 370 1891 432 Haag

265 445 304 506 (ὃ
329 446 434 506 8o);
469 462 623 492 unum
649 448 929 508 exemplum
955 448 1085 508 apud
1112 448 1409 508 Gregorium
1433 449 1819 494 Turonensem1.

326 580 665 644 Partieipz'mn
703 600 818 627 eum
858 583 1052 629 habere.
1079 611 1139 617 —
1183 583 1341 628 Pauca
1383 583 1602 644 exempla
1646 583 1889 644 participii

261 659 508 720 praeteriti
541 659 724 721 passiui
749 675 863 705 cum
904 659 1063 705 liabeo
1090 660 1340 706 coniuncti
1365 661 1588 706 inuenias
1613 677 1622 712 ;
1651 660 1750 705 duo
1789 665 1890 705 tan-

261 741 369 781 tum
395 736 576 797 legenti
605 736 730 781 mihi
761 743 1041 789 occurrunt,
1071 738 1121 781 in
1148 737 1345 798 quibus,
1376 743 1544 783 contra
1573 736 1890 783 consuetudi-

262 828 377 858 nem
402 813 688 874 linguarum
714 829 1053 866 romanarum,
1084 814 1398 875 parti0ipium
1424 815 1760 875 praepositum
1791 819 1885 860 est:

256 890 366 946 sima
407 888 720 942 habuissent,
752 892 828 943 55,
864 907 945 943 10;
991 896 1148 937 castra
1183 892 1354 952 posita
1397 889 1662 943 habebant,
1702 891 1780 943 63,
1815 890 1888 936 18.

263 966 391 1011 Cum
428 982 521 1011 usu
565 967 852 1028 linguarum
892 984 1212 1013 romanarum
1255 968 1414 1029 magis
1450 972 1734 1028 congruunt
1774 967 1893 1013 haec

262 1043 481 1104 exempla
505 1060 513 1088 :
544 1060 699 1105 quam-
724 1043 941 1090 lmbebat
969 1045 1232 1107 impulsata,
1266 1045 1409 1097 Idat„
1443 1044 1582 1097 Clau,
1611 1044 1671 1090 P.
1700 1043 1780 1097 L.,
1811 1046 1888 1106 74,

265 1120 509 1181 739-74ος
557 1121 767 1182 speciem
802 1120 1039 1167 habuisse
1072 1133 1337 1175 mutatam,
1375 1122 1518 1175 ibid„
1558 1121 1810 1183 747-748ς
1838 1122 1890 1166 in

261 1197 459 1258 passiuo
483 1213 491 1242 :
522 1198 647 1243 llaec
673 1197 923 1248 habentur
947 1198 1123 1251 allata,
1153 1198 1297 1251 ibid„
1328 1215 1437 1260 722.

327 1337 527 1385 Habere
551 1340 878 1401 impersonale
902 1340 976 1386 bis
1000 1341 1212 1402 legitur:
1242 1340 1460 1387 habebat
1497 1340 1557 1386 de
1590 1357 1645 1386 eo
1682 1340 1791 1387 loco
1824 1340 1895 1386 cad

262 1426 478 1462 montem
507 1416 604 1463 Dei
626 1428 845 1478 quatuor
876 1417 1039 1470 milia,
1080 1418 1157 1479 37,
1192 1418 1272 1471 13;
1318 1429 1363 1463 et
1406 1419 1648 1481 quoniam
1683 1417 1799 1463 inde
1824 1417 1896 1463 ad

262 1504 494 1538 sanctam
547 1494 827 1547 Teel(zm,...
883 1494 1099 1540 habebat
1150 1495 1210 1540 de
1253 1497 1458 1541 ciuitate
1489 1497 1713 1558 forsitan
1754 1494 1894 1540 mille

263 1571 559 1634 quingentos
596 1587 799 1633 passus,
851 1572 928 1633 69,
972 1589 1047 1617 21.
1109 1573 1333 1631 Quorum
1378 1572 1716 1633 exemplorum
1756 1572 1894 1634 prius

263 1647 578 1693 doctissimus
625 1649 702 1693 uir
749 1649 963 1701 Ferotin‚
1015 1656 1069 1694 ut
1117 1650 1215 1694 iam
1263 1650 1574 1710 hispanicam
1623 1649 1893 1695 uerborum

264 1725 666 1771 coniunctionem
709 1726 950 1778 indicans,
980 1727 1031 1771 in
1073 1727 1295 1772 medium
1320 1732 1506 1772 uocatu
1538 1727 1695 1785 Quem
1723 1742 1889 1778 usum,

264 1817 379 1846 cum
414 1802 464 1846 in
500 1803 733 1848 omnibus
764 1804 860 1849 fere
887 1804 1105 1849 romanis
1138 1804 1323 1864 linguis
1358 1804 1519 1849 adhuc
1554 1803 1888 1865 superfueriffl,

264 1878 512 1924 immerito
538 1879 818 1940 hispanicae
843 1880 1071 1926 latinitati
1098 1881 1245 1926 fuisse
1271 1881 1529 1942 proprium
1555 1881 1738 1926 credas.

328 2013 401 2058 De
422 2031 513 2059 usu
532 2015 784 2078 gerundis.
803 2044 862 2049 -
883 2016 1191 2061 Gerundium
1217 2016 1482 2076 aliquando
1508 2016 1711 2077 ponitur
1734 2016 1819 2062 uhi
1845 2017 1895 2062 id

265 2107 365 2137 non
393 2092 599 2137 omnino
630 2099 876 2154 exspectes
908 2110 917 2137 :
949 2110 1077 2155 pal-s·
1112 2094 1343 2137 maoeima
1378 2092 1597 2137 sedendo
1636 2094 1685 2138 in
1721 2093 1893 2139 asellis

256 2179 424 2230 potest
470 2168 646 2224 subiri,
706 2170 782 2222 53,
812 2169 816 2208 l
846 2186 924 2223 11;
986 2171 1275 2231 plerumque
1327 2170 1570 2231 participii
1622 2172 1892 2232 praesentis

262 2245 455 2291 uicibus
502 2246 725 2307 fungitur
771 2246 1025 2308 (quattuor
1070 2247 1374 2308 exeinplas¹):
1420 2247 1631 2292 redeunt
1677 2247 1890 2293 (licendo

257 2321 508 2384 psalmos,
540 2322 617 2375 58,
647 2340 720 2368 12.

330 2458 612 2504 Infinitiuus
659 2475 773 2505 cum
810 2460 973 2505 uerbis
1015 2460 1290 2504 mouendi:
1335 2461 1483 2506 semel
1520 2476 1634 2506 cum
1677 2461 1887 2522 supino:

264 2546 504 2596 reponent
550 2553 601 2580 se
649 2536 866 2581 dormito
895 2537 966 2597 (z
992 2536 1307 2598 domnitam),
1356 2539 1433 2597 74,
1491 2538 1569 2589 16ς
1615 2544 1663 2584 at
1706 2538 1893 2583 madent

265 2628 426 2661 orare,
460 2612 537 2665 88,
561 2629 608 2665 2;
639 2615 912 2658 reuertitur
936 2630 1189 2659 resumere
1214 2630 1282 2669 se,
1315 2615 1392 2676 94,
1428 2631 1500 2659 11.

341 2768 368 2789 1.
400 2756 561 2797 Bonnet,
583 2768 641 2800 ορ.
663 2757 778 2799 laud„
801 2758 881 2803 690.

339 2824 369 2846 2.
392 2814 509 2846 Revue
534 2814 594 2847 des
622 2814 810 2856 (mestions
830 2814 1062 2859 historiques,
1099 2816 1257 2856 LXXIV,
1291 2826 1327 2859 p.
1355 2816 1435 2861 391,
1465 2826 1503 2852 n.
1528 2816 1572 2855 4:
1603 2826 1683 2850 «en
1715 2816 1890 2850 castillan

267 2868 378 2902 habia
395 2870 526 2912 quadro
546 2869 676 2903 millas.
702 2885 718 2901 »

337 2924 370 2957 3.
392 2925 678 2968 Meyer-Li'ibke,
716 2929 838 2962 Gram.
873 2927 934 2961 (les
977 2930 1016 2961 L.
1057 2930 1173 2969 Rom„
1204 2929 1247 2968 II,
1279 2935 1292 2966 ς
1319 2940 1376 2973 99.
1405 2930 1448 2962 In
1474 2929 1594 2972 prisca
1623 2929 1891 2972 francogallica

266 2980 399 3023 lingua
418 2991 439 3014 α
464 2980 591 3014 solum
620 2984 849 3025 usurpatur,
882 2982 921 3017 in
950 2984 1150 3025 hodierna,
1182 2984 1244 3027 ily
1263 2995 1296 3017 α.
1329 2985 1384 3018 Cf.
1412 2983 1589 3029 nagyzzeres
1616 2986 1697 3027 (n’a
1725 2982 1889 3029 queres).

267 3035 392 3068 Huius
409 3037 708 3070 constructionis
726 3038 962 3072 incunabula
988 3040 1027 3072 in
1052 3040 1242 3073 eiusmodi
1268 3040 1358 3073 locis
1385 3040 1627 3083 quaerenda:
1649 3040 1765 3074 Habet
1791 3042 1893 3075 terra

268 3092 328 3124 tua
348 3091 454 3124 talem
474 3102 607 3136 aquam
624 3094 642 3125 P
665 3093 797 3135 Valer„
821 3096 861 3127 P.
880 3096 933 3136 L.,
955 3094 1011 3140 87,
1034 3094 1098 3133 432
1119 3095 1158 3127 B.

340 3147 372 3185 4.
403 3147 458 3181 Cs.
481 3146 614 3191 Geyer,
635 3149 711 3182 Ind.
736 3150 836 3184 uerb.
857 3151 905 3184 ad
922 3150 1089 3192 Siluiam,
1109 3152 1172 3190 401
1186 3149 1216 3184 ¹³.
