2075 3585
717 289 774 317 DE
806 289 1095 317 PRONOMINVM
1127 290 1208 318 vsv
1717 281 1741 322 8
1752 295 1767 321 1

150 381 402 442 apparebit
428 380 675 426 Etheriam
703 381 997 442 pronomine
1025 382 1130 441 ipse
1161 381 1393 429 libentius
1419 399 1569 444 quam
1594 399 1773 446 prono-

146 458 280 503 mine
300 457 386 503 ille
405 473 563 503 usam.
600 457 831 519 Exempla
848 458 888 503 A
908 459 968 502 -B
987 458 1125 518 prius
1144 461 1328 504 centies
1349 462 1566 523 octogies
1587 463 1767 518 semies,

146 534 390 596 posterius
422 540 592 580 eontra
619 536 802 579 centies
833 533 906 580 bis
942 535 1168 596 usurpari
1203 535 1397 582 docent.
1436 537 1592 583 Maius
1623 539 1772 584 etiam

150 611 414 657 discrimen
441 612 479 656 si
504 611 544 656 A
571 611 732 656 solum
758 626 871 656 cum
892 612 927 656 C
958 612 1197 657 conferas.
1228 612 1283 658 Id
1310 613 1574 675 Hispaniae
1608 615 1774 662 latinis

149 688 470 749 scriptoribus
509 702 610 732 non
645 702 749 732 esse
781 687 1022 747 peculiare
1057 688 1241 734 multae
1283 689 1550 735 hodiernae
1581 690 1773 737 dialecti

150 764 449 825 significant.
480 765 534 808 In
559 763 858 824 quibusdam
879 764 1012 809 enim
1032 765 1253 825 partibus
1272 766 1571 812 meridianae
1591 768 1773 814 Galliae

147 857 174 886 a
239 841 538 902 pronomine
594 841 699 902 ipse
755 840 989 886 definitus
1058 857 1207 902 quem
1272 842 1482 889 dicimus
1538 844 1773 889 articulus

146 917 413 963 deriuatur.
444 918 587 962 Hunc
620 933 767 963 usum
793 918 1027 962 omnibus
1058 918 1155 964 fere
1188 919 1419 979 gentibus
1451 935 1771 967 communem

146 1010 249 1040 esse
273 1010 397 1055 quae
422 1009 531 1040 oras
555 995 706 1039 maris
736 995 1081 1040 mediterranei
1106 1011 1132 1040 a
1160 996 1432 1042 Barcinone
1467 997 1772 1059 (Balearibus

146 1071 322 1116 insulis
348 1086 450 1116 non
476 1070 702 1132 exclusis)
730 1087 886 1132 usque
911 1072 970 1116 ad
999 1071 1278 1118 Sardiniam
1305 1073 1531 1120 incolunt
1555 1090 1581 1120 a
1602 1075 1772 1121 multis

147 1147 483 1208 grammaticis
509 1148 608 1193 iam
634 1148 719 1192 diu
744 1148 1063 1193 obseruatum
1091 1154 1209 1194 est1.

210 1224 325 1286 Ipse
352 1224 618 1285 aliquando
643 1241 733 1286 pro
763 1224 892 1270 idem
921 1226 1155 1286 ponitur:
1185 1227 1353 1273 omnia
1385 1229 1606 1290 exempla
1639 1230 1772 1290 (octo

148 1302 281 1363 sunt)
309 1317 423 1347 cum
448 1302 812 1347 accuratissime
836 1302 895 1347 ab
929 1302 1115 1348 editore
1151 1303 1302 1349 Paulo
1338 1305 1492 1366 Geyer
1526 1306 1576 1350 in
1613 1322 1772 1352 unum

149 1379 247 1424 sint
274 1379 526 1431 collocata,
556 1395 714 1424 unum
743 1379 858 1425 satis
885 1379 945 1424 sit
970 1380 1239 1440 producere
1264 1397 1272 1425 :
1299 1397 1322 1426 ((
1344 1382 1463 1427 haec
1482 1398 1599 1443 ergo
1630 1384 1772 1429 uallis

148 1457 260 1517 ipsa
290 1454 357 1518 [id
383 1463 454 1501 est
479 1455 672 1519 eadem]
701 1462 773 1502 est
799 1457 847 1501 in
874 1457 1013 1501 euius
1044 1458 1199 1518 eapite
1231 1458 1310 1503 ille
1346 1459 1482 1504 locus
1517 1466 1605 1511 est,
1631 1476 1654 1505 ))
1690 1461 1767 1521 37,

152 1533 255 1578 262.
294 1533 438 1591 Quod
474 1549 741 1579 commune
769 1549 888 1585 esse,
925 1549 1026 1578 non
1067 1534 1329 1595 Hispaniae
1372 1536 1535 1581 latinis
1568 1537 1772 1598 scripto—

149 1610 304 1662 ribus,
344 1610 426 1655 sed
466 1611 699 1655 omnibus
733 1611 817 1671 qui
851 1610 1024 1655 eodem
1055 1616 1277 1672 tempore
1310 1613 1617 1665 exstiterunt,
1657 1614 1772 1660 satis

147 1687 301 1732 multa
329 1688 549 1748 exempla
570 1688 762 1733 docent.
793 1688 983 1746 Quibus
1016 1688 1210 1748 planius
1244 1689 1283 1734 si
1327 1705 1521 1736 necesse
1552 1697 1624 1736 est
1657 1707 1774 1737 con—

147 1764 414 1810 firmantur
437 1781 562 1825 quae
601 1765 707 1810 Max
741 1764 933 1810 Bonnet
969 1764 1028 1810 de
1071 1765 1165 1810 hoc
1207 1767 1505 1827 pronomine
1540 1768 1768 1829 scripsit:

150 1859 172 1885 «
198 1841 311 1903 Ipse
354 1847 426 1887 est
468 1842 707 1902 peut-&tre
750 1842 809 1887 de
858 1848 968 1887 tous
1015 1842 1082 1887 les
1124 1858 1365 1903 pronoms
1401 1845 1524 1890 celui
1565 1845 1688 1890 dont
1728 1846 1772 1891 le

145 1918 375 1964 domaine
422 1919 535 1964 s'est
568 1919 611 1964 le
638 1919 748 1980 plus
779 1919 948 1979 elargi.
976 1936 997 1961 ›>
1037 1919 1121 1964 His
1155 1920 1320 1965 uerbis
1354 1922 1561 1967 omnino
1598 1922 1772 1967 adsen—

146 1995 388 2047 tiendum,
442 1996 507 2041 ita
554 2002 719 2041 tamen
766 2001 821 2040 ut
867 1995 1158 2041 aduerbium
1202 1999 1481 2057 peut-ficte,
1524 1999 1657 2059 quod
1711 1999 1771 2044 ad

146 2072 395 2118 Etheriam
421 2072 624 2124 adtinet,
655 2087 1074 2133 superuacaneum
1100 2088 1204 2118 esse
1228 2073 1468 2119 uideatur.

212 2224 314 2274 Iam
341 2242 458 2272 uero
484 2226 617 2271 haud
646 2226 814 2286 magni
834 2226 1036 2271 forsitan
1064 2228 1324 2279 momenti,
1362 2228 1525 2288 primo
1567 2229 1769 2291 quidem

147 2304 397 2364 adspectu,
430 2303 656 2349 uideatur
682 2319 941 2348 numerare
963 2305 1154 2364 quoties
1188 2304 1265 2350 his
1292 2305 1516 2357 uocibus,
1546 2312 1600 2351 ut
1623 2307 1772 2352 meris

149 2381 548 2442 pronominibus,
595 2380 731 2425 nullo
770 2380 972 2426 nomine
1014 2381 1219 2433 adiecto,
1267 2383 1532 2443 usurpatis,
1578 2384 1772 2429 Etheria

148 2474 235 2504 usa
263 2459 340 2503 sit.
386 2458 471 2503 llis
514 2464 679 2503 tamen
720 2457 1149 2518 disquisitionibus
1192 2474 1348 2520 usque
1389 2460 1439 2503 in
1482 2461 1772 2506 tenuissima

149 2535 371 2580 deductis
396 2535 515 2596 quid
541 2534 783 2595 peculiare
810 2535 987 2580 rationi
1014 2536 1260 2581 scribendi
1286 2536 1508 2582 Etheriae
1534 2537 1651 2583 insit
1679 2538 1773 2583 cla—

148 2612 249 2657 rius
276 2612 597 2673 significatur.

212 2689 456 2734 Neutrum
485 2688 767 2749 singulare:
809 2689 919 2741 laec,
952 2687 1101 2740 illud,
1135 2687 1333 2750 *ipsud
1372 2691 1599 2736 Neutrale
1641 2690 1774 2737 illud

146 2781 236 2827 pro
293 2765 513 2811 subiecto
574 2765 651 2810 uel
709 2764 899 2810 obiecto
953 2765 1245 2810 declarando
1294 2772 1587 2828 usurpatum
1623 2768 1773 2814 terde-

220 2946 248 2968 1.
280 2948 296 2963 «
315 2935 362 2969 Lc
381 2934 500 2975 sardo,
524 2934 557 2968 le
577 2934 814 2977 majorquin,
835 2934 931 2967 ainsi
951 2933 1099 2978 qu'une
1118 2934 1241 2978 partie
1256 2935 1309 2968 du
1325 2946 1466 2979 gascon
1483 2939 1519 2970 et
1531 2937 1586 2970 du
1607 2937 1769 2979 catalan,

145 2994 214 3026 ont
233 2990 380 3035 pr‹'·s‹?=r‹3
401 2992 488 3034 ipse.
517 3005 533 3021 »
555 2990 859 3033 (MeJer-Lslbke,
882 2993 1006 3025 (iram.
1026 2990 1088 3024 des
1108 2993 1149 3024 L.
1170 2993 1288 3031 Rom„
1313 2991 1355 3032 11,
1378 2998 1391 3029 §
1411 2996 1486 3037 99.)

217 3059 248 3082 2.
282 3047 606 3092 1⁴¹1·(=q=,1cntissi111(¹
625 3046 729 3090 apud
748 3046 914 3079 ldatimn
942 3046 1084 3089 legitur
1109 3047 1187 3089 ipso
1211 3058 1306 3080 anno
1335 3058 1405 3091 pro
1429 3048 1548 3082 eodem
1576 3060 1683 3082 (ωηο.
1711 3050 1773 3082 (js.

148 3104 253 3149 quod
274 3104 320 3137 ad
342 3104 501 3137 italicum
523 3103 751 3146 scriptorem
777 3104 933 3147 spectat,
960 3103 1171 3146 Bellanger,
1200 3104 1329 3137 Ancon.
1353 3103 1528 3145 Placent„
1557 3116 1595 3148 p.
1625 3117 1681 3150 90,
1710 3115 1774 3150 913

147 3159 254 3204 quod
274 3159 321 3193 ad
338 3159 488 3204 qallicos
503 3169 515 3193 ,·
536 3159 652 3202 llaag,
674 3157 758 3192 Lac.
780 3158 995 3203 Fredeyar„
1011 3164 1024 3197 S
1042 3169 1127 3200 1223
1148 3159 1232 3193 Max
1251 3159 1414 3200 Bonnet,
1429 3169 1487 3203 op.
1509 3159 1620 3202 laud„
1640 3172 1677 3204 p.
1692 3161 1775 3195 301.

234 3251 277 3272 DE
304 3251 508 3272 LATlMTATE
532 3250 835 3272 PEREGMNA'HOMS
858 3251 900 3272 AD
924 3250 1006 3272 LOCA
1030 3250 1165 3271 SANCTA.
1676 3245 1692 3272 l)
