2075 3585
596 250 651 280 DE
685 248 766 281 st
810 248 1051 289 mevoxlva
1085 248 1441 281 COMVNCTloNVSI'
1774 254 1827 295 99

205 361 321 390 usus
346 346 566 406 exempla
600 361 713 390 cum
754 346 806 390 l).
843 347 996 406 Geyer
1032 346 1080 389 in
1123 361 1282 390 unum
1318 345 1678 391 accuratissime
1714 361 1829 390 con-

203 422 429 482 gesserit¹
476 422 715 467 nonnulla
756 428 948 467 tantum
990 437 1241 482 excerpere
1282 422 1405 466 mihi
1443 422 1556 466 satis
1595 422 1820 473 uidetur:

201 497 630 558 quemadmodmn
679 497 893 551 ibamus,
943 499 1003 543 de
1044 505 1214 543 eontra
1263 498 1572 547 uidebamus,
1621 498 1697 548 43,
1741 514 1824 550 20;

199 574 629 636 quemadmodum
655 578 902 628 uenimus,
933 575 1357 625 demonstrabant,
1390 575 1464 627 43,
1495 574 1549 626 ὃς
1581 574 1640 619 ad
1667 579 1828 619 totum

201 667 383 697 nouem
409 652 645 713 exempla.

266 729 410 787 Quod
435 729 494 774 ad
521 728 772 790 quomodo
799 734 999 789 spectat,
1030 745 1148 774 usus
1182 728 1332 773 huius
1369 728 1731 774 coniunctionis
1767 728 1826 773 ab

202 822 295 851 usu
315 812 445 851 recto
466 806 582 851 satis
602 805 852 857 abhorret;
870 806 1032 850 uerbis
1053 806 1185 850 enim
1205 817 1357 857 stare,
1376 822 1544 867 posse,
1563 805 1822 856 adiunctis,

202 883 412 928 formula
437 883 680 944 quaedam
706 883 968 928 informata
994 888 1081 935 est,
1112 883 1252 928 cuius
1272 883 1390 927 haec
1427 889 1541 928 sunt
1571 882 1791 943 exempla
1815 897 1823 926 :

203 976 373 1004 omnes
399 959 650 1021 quomodo
678 970 831 1011 staret,
865 961 941 1020 75,
968 976 1017 1020 73
1054 961 1266 1022 quisque
1301 959 1553 1021 quomodo
1588 970 1705 1011 stat,
1747 975 1823 1019 72,

201 1037 283 1089 23;
326 1038 671 1098 unusquisque
705 1036 958 1098 quomodo
983 1047 1170 1098 poscat,
1212 1038 1290 1097 94,
1336 1037 1417 1089 133
1459 1038 1549 1098 qui
1575 1035 1826 1097 quomodo

191 1124 422 1174 possunt,
452 1114 529 1174 96,
561 1130 606 1174 9.
644 1112 904 1169 Quomodo
926 1114 1194 1174 temporale
1216 1129 1315 1158 non
1337 1119 1563 1174 apparet:
1588 1119 1634 1158 at
1656 1119 1826 1158 eontra

197 1190 326 1251 apud
381 1191 663 1236 Marcellum
715 1190 1046 1251 Empi1·icum·³
1100 1191 1327 1235 uidemus
1393 1191 1647 1251 quomodo
1702 1190 1822 1235 haec

197 1266 480 1312 coniunctio
507 1282 562 1312 ex
587 1267 770 1312 modali
796 1282 941 1312 sensu
967 1267 1017 1311 in
1044 1267 1366 1327 temporalem
1394 1267 1654 1312 transierit.

267 1342 515 1399 Quoniam
545 1360 654 1389 raro
683 1344 844 1389 solum
871 1344 1098 1395 occurrit,
1131 1344 1242 1395 nisi,
1273 1349 1320 1388 at
1354 1344 1493 1395 falso,
1532 1350 1643 1405 post
1675 1345 1824 1389 uerba

198 1420 476 1465 declarandi
503 1421 583 1481 (ef.
615 1421 801 1481 supra).
832 1421 967 1478 Quae
992 1421 1276 1466 coniunctio
1301 1436 1499 1466 causam
1536 1421 1822 1481 significans

200 1513 315 1542 cum
333 1507 605 1559 propterea
633 1514 689 1542 eo
715 1498 865 1542 modo
893 1498 1215 1558 coniungitur
1239 1513 1247 1541 z
1273 1508 1542 1559 propterea
1580 1499 1822 1559 quoniam

204 1573 348 1635 (bis):
416 1591 628 1635 quacum
693 1575 963 1620 uerborum
1018 1575 1365 1620 coniunctione
1420 1575 1555 1620 illam
1603 1575 1823 1620 conferas

198 1651 347 1697 uelim
372 1667 380 1695 :
402 1662 676 1713 propterea
703 1654 824 1713 quia
852 1651 1175 1713 (quinquies).

258 1799 329 1844 Ac·
354 1801 402 1845 si
425 1815 516 1861 pro
552 1805 789 1860 tanquam
824 1800 1028 1860 ponitur
1063 1806 1261 1860 quater3
1300 1800 1431 1845 idem
1467 1799 1597 1860 apud
1634 1800 1819 1860 Grego-

196 1877 325 1921 rium
352 1877 456 1922 fieri
481 1877 737 1922 adnotauit
757 1877 862 1921 Max
887 1877 1104 1922 Bonnet³
1123 1883 1169 1922 et
1197 1877 1608 1922 commemorauit
1638 1877 1818 1921 Paulus

199 1952 398 2014 Geyer'k
434 1954 551 1999 Post
586 1956 656 1998 ita
689 1953 762 1998 bis
801 1960 1100 2014 usurpatur:
1140 1956 1271 2002 ita...
1302 1972 1363 1997 m.-
1397 1955 1456 2005 si,
1497 1960 1607 2014 post
1647 1964 1817 1998 tantus

193 2032 359 2075 semel.
400 2032 474 2075 Cf.
524 2031 653 2092 apud
701 2031 980 2075 Valerium:
1030 2031 1094 2075 ita
1121 2031 1236 2076 solis
1270 2031 1529 2076 ardoribus
1563 2031 1818 2091 refrigerat

194 2108 433 2159 membra,
463 2124 523 2152 m·
549 2110 622 2153 si(-
647 2114 786 2152 antra
812 2113 1002 2168 tegunt.
1034 2107 1093 2152 P.
1123 2107 1201 2160 L.‚
1234 2108 1311 2168 87,
1347 2109 1436 2158 (155
1463 2108 1518 2152 A.

253 2260 326 2305 Ac
352 2262 441 2313 sic,
472 2277 534 2304 (ιο
558 2261 631 2304 sl(-
656 2276 788 2323 ergo,
821 2259 911 2304 hae
937 2264 1051 2304 sunt
1078 2259 1316 2304 formulae
1341 2275 1465 2319 quae
1500 2265 1582 2304 aut
1614 2275 1811 2320 perraro

193 2343 276 2383 aut
302 2353 562 2397 nunquam
596 2337 655 2381 ab
692 2337 746 2381 iis
772 2337 856 2397 qui
892 2341 1018 2381 reete
1053 2336 1353 2397 seripserunt
1380 2342 1642 2397 usurpatae
1678 2342 1809 2381 sunt.

193 2414 387 2460 Etheria
412 2419 581 2459 eontra
606 2413 664 2458 iis
696 2429 852 2474 usque
882 2413 941 2457 ad
978 2413 1227 2457 fastidium
1255 2414 1424 2458 utitur.
1455 2414 1586 2471 Quas
1623 2413 1683 2458 ad
1720 2414 1815 2458 ori-

189 2491 356 2551 ginem
393 2490 644 2552 scriptoris
689 2490 1023 2551 indagandam
1058 2490 1227 2550 magni
1262 2506 1365 2535 esse
1404 2490 1646 2535 momenti
1675 2490 1815 2536 facile

191 2567 392 2612 forsitan
418 2567 602 2612 credas.

254 2646 409 2689 Antea
450 2644 601 2694 enim,
631 2643 750 2688 dum
783 2643 977 2688 Etheria
1008 2643 1181 2704 gallica
1207 2643 1477 2688 habebatur
1512 2649 1557 2688 et
1586 2643 1813 2689 nomina-

189 2721 331 2766 batur
358 2721 527 2770 Siluia,
556 2720 688 2765 docti
716 2720 806 2764 uiri
838 2720 884 2764 in
924 2721 1133 2765 formula
1160 2738 1220 2763 m·
1245 2722 1318 2764 sic·
1354 2721 1632 2780 frequenter
1672 2737 1813 2765 usur-

188 2803 300 2859 pata
319 2797 456 2858 quasi
480 2797 716 2842 indicium
737 2797 936 2857 gallicae
954 2796 1206 2841 latinitatis
1226 2804 1555 2856 agnouerunt.
1572 2797 1811 2857 Equidem

285 2983 291 2988 .
323 2956 402 2988 ltin.
426 2955 568 2995 Hieros,
586 2965 621 2998 p.
645 2955 747 2992 ‚¹112b⁸

324 3013 358 3044 l’.
381 3012 516 3054 Geyer,
538 3013 578 3044 A.
602 3013 640 3044 1,.
663 3013 717 3051 L.‚
742 3010 934 3056 V111‚l,78.

324 3067 483 3102 Bonnet.
507 3077 564 3110 op.
588 3066 700 3101 laud..
722 3077 757 3109 p.
780 3066 861 3100 323.

288 3151 293 3157 .
323 3124 404 3158 ltin.
427 3124 584 3157 Hieros..
607 3135 644 3167 p.
666 3124 731 3168 392
743 3129 768 3156 ⁴³.

258 3025 278 3162 ..sb-*ts*
265 2968 273 2988 ι-
