2075 3585
727 287 782 313 Die
816 286 868 313 vn
883 285 1228 313 mposrrioxlssvs
1731 273 1783 312 (55

158 381 218 426 ad
242 395 430 425 annum
460 379 545 424 381
568 396 577 431 ;
610 377 752 439 apud
770 378 1020 423 Treuerim
1041 378 1348 428 occiduntur,
1377 378 1494 422 Chr.
1518 377 1577 421 ad
1598 393 1784 422 annum

158 457 267 509 3863
297 456 439 518 apud
469 456 708 500 Viennam
737 455 993 509 occiditur,
1032 452 1147 499 Clzr.
1187 454 1247 498 ad
1279 469 1467 498 annum
1493 454 1608 514 392;
1647 453 1789 514 apud

156 533 489 579 Mediolanum
521 532 782 577 defunctus
818 538 905 582 est,
943 532 1058 578 Chr.
1095 530 1155 575 ad
1184 546 1372 575 annum
1399 530 1508 591 394.
1540 530 1787 575 Honorius

155 609 296 671 apud
316 608 969 655 RauennamConstantium
991 613 1272 653 consortem
1293 607 1386 652 sibi
1403 607 1515 652 facit
1535 607 1586 651 in
1608 622 1781 667 regno.

158 686 477 732 Constantius
519 686 786 747 imperator
814 685 1079 730 Rauennae
1105 684 1332 742 moritur,
1365 683 1483 731 Chr.
1514 683 1574 729 ad
1600 699 1788 729 annum

163 765 271 815 420.
326 762 477 824 Apud
529 762 1031 822 Constantinopolim,
1078 760 1220 822 apud
1273 762 1502 812 Romam,
1563 760 1678 807 (Ζήν.
1732 760 1792 805 ad

162 856 350 886 annum
380 841 487 891 454.

229 986 371 1035 Cata.
401 1015 461 1020 --
487 986 651 1031 Vnum
690 993 883 1032 tantum
931 987 1211 1047 exemplum
1247 1003 1323 1048 ap.
1371 988 1586 1047 Georges
1626 1002 1634 1030 :
1678 996 1794 1030 cala

162 1081 307 1111 mane
331 1080 494 1116 mane,
522 1064 736 1124 vulgat„
765 1063 966 1116 Ezeelz„
987 1065 1062 1120 46,
1086 1065 1243 1114 14-15.
1270 1065 1325 1109 In
1346 1064 1761 1127 Peregrinatione
1779 1081 1792 1105 .-

164 1153 277 1187 caca
307 1141 530 1201 singulos
557 1157 753 1201 ymnos,
786 1157 862 1202 71,
894 1142 944 1193 8;
977 1141 1052 1201 73,
1091 1142 1169 1193 16;
1208 1158 1283 1201 71,
1323 1158 1403 1193 20;
1445 1142 1520 1201 74,
1563 1157 1644 1193 11;
1679 1151 1793 1184 cala

165 1219 447 1264 mansiones
467 1219 763 1264 monasteria
785 1224 915 1269 sunt,
942 1220 1018 1278 47,
1046 1220 1096 1269 4;
1128 1229 1242 1263 eata
1266 1219 1466 1270 Pascha,
1492 1218 1569 1269 58,
1595 1234 1639 1279 9.

231 1295 384 1341 Cuius
409 1295 787 1356 praepositionis
812 1311 959 1340 usum
991 1295 1196 1340 alieuius
1232 1310 1335 1340 esse
1369 1294 1612 1340 momenti
1637 1293 1796 1339 existi—

170 1372 343 1423 mabis,
391 1372 430 1416 si
470 1388 594 1432 quae
635 1372 693 1417 de
734 1388 787 1417 ea
830 1372 1022 1433 scripsit
1064 1372 1414 1433 Meyer—Li'ibke
1461 1371 1744 1416 memineris
1783 1387 1791 1415 ε

171 1466 195 1496 ((
210 1449 409 1495 D'autre
429 1455 553 1510 part,
571 1449 596 1494 a
616 1448 841 1510 l'epoque
866 1449 1013 1494 latine
1031 1461 1249 1500 enoore1,
1273 1449 1316 1494 le
1336 1464 1449 1509 grec
1473 1457 1567 1496 κκτά.
1586 1448 1708 1493 dans
1727 1464 1795 1493 un

169 1544 279 1574 sens
300 1528 573 1573 distributif
589 1543 614 1571 a
634 1527 718 1571 fait
743 1542 831 1572 son
852 1526 1130 1587 apparition
1149 1532 1196 1571 et
1223 1526 1336 1572 s'est
1361 1526 1619 1572 maintenu
1644 1525 1797 1570 intact

167 1606 290 1651 dans
315 1606 452 1666 l'esp.
482 1610 611 1666 port.
642 1602 820 1649 eadm.
839 1622 860 1647 υ
899 1603 993 1648 Sed
1028 1604 1077 1648 in
1110 1603 1363 1649 hodiernis
1387 1619 1586 1664 quoque
1614 1602 1797 1648 Galliae

170 1682 506 1728 meridionalis
549 1681 765 1726 dialectis
808 1680 939 1725 cada
982 1681 1241 1741 pristinam
1281 1681 1385 1725 uim
1422 1686 1584 1726 seruat
1613 1696 1621 1724 :
1651 1679 1792 1726 occit.

169 1759 297 1804 caslo
313 1758 442 1820 jour
470 1771 518 1812 <
550 1768 666 1803 cala
687 1757 929 1802 diurnum
945 1777 961 1810 ,·
982 1758 1111 1802 cado
1137 1759 1238 1802 1ιὲἰί
1261 1771 1309 1812 <
1330 1768 1445 1802 cata
1466 1767 1674 1805 noctem,
1703 1762 1792 1801 eto.

171 1838 401 1882 Ceterum
435 1836 485 1880 in
520 1835 754 1881 omnibus
779 1835 873 1879 illis
908 1835 1091 1894 linguis
1131 1833 1631 1880 animaduertendum
1661 1849 1797 1894 prac-

170 1914 468 1975 positionem
496 1928 697 1958 sensum
723 1912 949 1957 adiectiui
991 1912 1234 1957 indefiniti
1267 1910 1603 1972 adsumpsisse
1638 1910 1722 1955 sed
1747 1925 1796 1954 re

171 2007 287 2036 uera
314 1991 362 2035 in
391 1990 592 2036 vocibus
619 1988 1013 2034 immutabilibus
1039 1989 1369 2034 adnumerari.

238 2068 292 2111 In
336 2067 509 2112 iisdem
552 2066 735 2126 linguis
768 2066 939 2111 eadem
973 2067 1270 2127 praepositio
1305 2066 1365 2111 ad
1399 2065 1654 2111 indefinita
1679 2079 1797 2125 pro-

172 2145 373 2190 nomina
426 2143 738 2189 informanda
785 2143 1003 2189 adhibita
1045 2149 1117 2188 est
1162 2160 1170 2187 :
1222 2159 1365 2204 prou.
1419 2142 1605 2195 endan,
1659 2142 1787 2202 hisp.

174 2222 428 2268 caclaww.
460 2221 534 2267 Cf.
565 2221 767 2281 fr.-gall.
798 2221 1013 2266 chacun.

237 2298 364 2343 Cata
399 2298 465 2342 id.
503 2297 637 2359 quod
670 2296 949 2343 secundum
994 2298 1278 2359 significans
1318 2303 1585 2359 usurpatur
1624 2313 1632 2342 :
1680 2307 1797 2341 cata

172 2376 383 2427 Matheo,
423 2375 501 2425 85,
533 2391 581 2427 2;
628 2375 678 2419 in
715 2375 973 2436 euangelio
1018 2386 1133 2420 caca
1182 2376 1473 2427 Iohannem,
1524 2376 1602 2437 89,
1646 2391 1702 2435 29
1752 2379 1798 2420 et

174 2453 427 2498 nonnullis
453 2452 558 2497 aliis
583 2452 827 2497 eiusmodi
847 2452 982 2498 locis.

239 2529 554 2574 Desideratur
601 2528 730 2589 apud
772 2529 1091 2589 Gregorium,
1136 2529 1518 2590 Hieronymum,
1564 2529 1799 2589 Fredega-

175 2622 321 2651 rium.

241 2747 407 2793 Circa.
428 2775 487 2781 —
520 2748 666 2793 Circa
687 2747 825 2808 (gall.
850 2759 1035 2792 (talou)-
1055 2746 1135 2808 (le)
1164 2763 1280 2793 cum
1300 2747 1581 2793 accusatiuo
1607 2763 1614 2791 :
1647 2746 1794 2792 Circa

168 2836 318 2887 puteo
350 2825 402 2886 (i.
442 2841 482 2870 e.
512 2825 764 2886 puteum),
797 2825 874 2876 68,
906 2826 984 2875 14;
1015 2826 1151 2869 cirea
1180 2824 1412 2877 radicem,
1444 2825 1520 2875 4ο,
1551 2828 1620 2875 133
1659 2824 1798 2867 circa

249 3003 276 3024 1.
307 2991 463 3033 Legitur
487 3001 547 3034 ap.
571 2990 794 3033 llieronJm.
822 2990 947 3033 presb.
975 2992 1169 3024 Commeat.
1201 2990 1236 3023 ιή
1258 2989 1419 3033 psalmos
1445 2989 1630 3031 (Analecta
1659 2987 1797 3020 Marea-

171 3046 313 3088 solana,
336 3047 396 3087 ΙΙΙ,
427 3060 455 3080 1.
478 3057 514 3091 p.
544 3047 601 3087 4ι,
630 3046 649 3079 3
679 3058 685 3079 :
717 3060 734 3076 «
755 3057 837 3077 κατα
858 3048 955 3085 μόναις
981 3057 1058 3080 non
1087 3057 1215 3080 unum
1244 3046 1306 3079 sed
1335 3056 1402 3090 per
1428 3045 1574 3079 multos
1601 3053 1799 3088 quemque
1846 3066 1848 3068 v

174 3103 374 3146 significat.
396 3115 412 3135 »

247 3173 277 3193 12.
314 3161 602 3204 Nloyer-Li'ibke,
625 3165 748 3196 Grani.
771 3161 831 3194 cles
852 3163 890 3194 L.
914 3163 1027 3195 Rom..
1053 3161 1093 3201 ΙΙ,
1116 3160 1182 3205 569
1201 3172 1232 3193 a.

267 3252 308 3272 ΗΕ
327 3252 526 3273 1.ΑἸ“ΙΝΙΤΑἸ“Ε
552 3252 853 3274 ΙἸέΙΗ-,ἹΗΙΙᾸᾹἸἸΟᾸΗ
875 3253 918 3274 AD
942 3253 1023 3273 LOCA
1048 3253 1184 3273 >mern
