2075 3585
246 288 299 328 ’58
460 300 514 328 DE
547 301 797 329 LATINITATE
830 301 1221 330 PEREGRINATIONIS
1253 303 1311 330 AD
1344 302 1453 331 LOCA
1488 301 1651 329 SANCTA

309 395 379 440 De
411 394 586 440 (latim)
611 409 789 455 pauca:
828 394 1024 440 datiuus
1060 395 1144 455 qui
1176 395 1356 441 dicitur
1387 395 1598 447 ethicus,
1634 393 1728 439 1100
1762 399 1869 439 133-

244 478 352 518 tum
394 472 529 517 loco:
576 470 742 516 sedete
786 470 947 523 nobz'S,
984 471 1062 532 87,
1104 488 1179 517 22.
1222 472 1306 518 Est
1339 472 1550 533 denique
1584 476 1638 516 ut
1672 470 1868 516 datiuus

244 564 357 595 cum
391 548 553 594 uerbis
587 547 828 594 mouendi
858 549 1023 594 locum
1057 549 1322 595 accusatiui
1356 564 1470 594 cum
1506 547 1868 609 praepositione

244 626 486 672 obtineat:
517 624 758 671 ecclesiae
785 624 1037 684 deputari,
1057 626 1134 687 39,
1154 643 1210 687 29
1230 644 1239 678 ;
1262 625 1463 687 plicare
1489 626 1704 678 ciuitati,
1723 624 1801 676 63,
1818 625 1863 669 5.

247 704 341 749 Sed
358 703 558 765 plicare
583 703 653 748 ad
678 704 778 749 bis:
809 704 887 755 46.
924 720 972 749 11
996 722 1004 749 ε
1037 704 1114 755 38,
1152 706 1222 755 ιζ..

319 882 467 928 Varia
496 882 555 928 (le
581 882 799 928 casibus.
826 910 882 915 —-
911 883 980 927 De
1010 882 1201 928 casibus
1231 882 1452 928 absolute
1479 882 1675 942 positis:
1710 880 1869 927 nomi-

244 961 397 1006 natiui
424 960 633 1006 absoluti
661 960 821 1021 aliqua
850 965 1043 1005 tantum
1069 959 1291 1021 exempla
1322 965 1619 1005 occurrunt:
1658 959 1874 1023 ingressi

243 1040 293 1082 in
314 1036 527 1082 ecclesia
549 1036 789 1082 dicuutur
804 1038 966 1098 ymni,
991 1036 1068 1088 85,
1091 1053 1106 1081 1
1121 1053 1142 1081 2
1163 1054 1172 1089 ;
1205 1047 1434 1081 tenens...
1460 1052 1610 1081 rex...
1637 1033 1869 1080 tenebrae

241 1116 413 1177 factae
447 1125 580 1166 sunt,
619 1114 696 1164 63,
739 1131 780 1159 2.
813 1114 886 1159 Cf.
929 1114 1006 1165 60,
1048 1114 1102 1161 3:
1135 1113 1212 1165 65,
1259 1115 1340 1163 15;
1395 1130 1472 1174 72,
1506 1112 1558 1164 ὃς
1600 1114 1677 1173 9-5,
1707 1112 1751 1158 3.
1789 1111 1862 1158 Cf.

247 1193 453 1243 Bonnet,
476 1208 524 1252 p.
560 1191 668 1241 566,
702 1207 750 1236 n.

308 1268 628 1313 Accusatiuus
680 1268 933 1314 absolutus
977 1268 1051 1313 bis
1103 1267 1276 1313 codem
1326 1268 1433 1313 loco
1478 1267 1691 1328 legitur:
1756 1268 1867 1311 uisa

246 1346 356 1391 loca
383 1348 614 1391 omnia...
645 1363 733 1391 nec
758 1363 855 1391 non
885 1348 1033 1391 etiam
1064 1347 1234 1391 omnia
1268 1344 1440 1390 loc-a...
1480 1347 1605 1391 uisis
1638 1346 1787 1390 etiam
1824 1354 1869 1389 et

244 1426 434 1469 sanctis
479 1425 666 1469 uiris...
713 1425 930 1488 regressi
968 1440 1159 1476 sumus,
1201 1425 1277 1475 45,
1318 1423 1456 1468 8-12.
1504 1423 1664 1482 Quem
1701 1423 1867 1468 locum

245 1500 365 1545 dum
396 1500 711 1546 doctissimus
742 1501 820 1545 uir
850 1500 1043 1546 Ferotin
1079 1506 1438 1546 commemorat
1471 1500 1590 1545 haec
1620 1498 1865 1545 addidit1:

248 1598 268 1619 «
295 1577 498 1638 L“usage
540 1578 598 1623 de
642 1578 912 1624 l'accusatif
947 1579 1118 1624 absolu
1152 1584 1223 1624 est
1259 1578 1353 1622 tres
1389 1577 1613 1638 frequent
1646 1576 1768 1621 dans
1801 1576 1869 1621 les

245 1656 385 1700 vieux
419 1661 568 1700 textes
603 1656 748 1701 latins
800 1656 1095 1717 d'EspagnQ
1122 1672 1145 1700 ))
1191 1662 1237 1701 01
1281 1672 1331 1700 re
1369 1671 1483 1700 uera
1523 1655 1638 1700 satis
1686 1653 1870 1698 multos

244 1733 394 1784 locos,
418 1749 472 1778 ex
493 1733 640 1778 uariis
662 1734 883 1794 hispanis
903 1734 1221 1794 scriptoribus
1241 1739 1508 1794 excerptos,
1531 1732 1753 1793 protulit.
1774 1730 1869 1776 Sed

245 1810 464 1871 primum
506 1811 733 1856 omnium
777 1811 1139 1856 animaduertas
1184 1812 1332 1856 uelim
1376 1810 1488 1855 loca
1529 1809 1663 1855 haud
1703 1808 1869 1854 minus

247 1888 543 1933 nominatiui
591 1905 741 1949 quam
782 1889 1048 1934 accusatiui
1090 1889 1302 1934 absoluti
1348 1887 1577 1949 praebere
1622 1886 1866 1948 speciem;

247 1964 423 2010 deinde
450 1966 603 2011 multa
630 1968 849 2027 exempla
875 1967 1022 2012 huius
1048 1965 1430 2012 constructionis
1457 1980 1580 2026 quae
1605 1965 1710 2009 Max
1744 1963 1871 2009 Bon-

248 2048 330 2087 net
364 2048 409 2087 et
443 2043 595 2103 Haag,
634 2059 694 2088 30
730 2044 893 2104 plures
925 2059 1331 2095 commemorem,
1361 2059 1415 2088 ex
1451 2041 1688 2103 Gregorio
1720 2042 1873 2086 Turo-

249 2120 389 2165 nensi
410 2120 485 2166 uel
506 2136 530 2165 e
548 2121 840 2181 Fredegario
861 2128 1231 2182 0Χοοη15010111ρ
1259 2121 1393 2166 11030
1420 2135 1565 2165 usum
1592 2118 1873 2180 hispanicae

247 2196 476 2241 latinitati
502 2197 781 2243 nullatenus
807 2214 910 2243 0550
938 2199 1195 2260 proprium
1224 2198 1338 2243 satis
1365 2197 1662 2257 significant.

313 2273 598 2319 Ablatiuum
647 2275 929 2320 absolutum
974 2290 1082 2321 raro
1124 2275 1251 2320 male
1294 2280 1589 2335 usurpatum
1630 2272 1867 2333 reperias:

249 2351 480 2396 elmlibus
514 2351 657 2397 nohis
693 2354 1001 2398 commonuit
1036 2354 1316 2414 episcopus,
1356 2354 1432 2403 52,
1472 2366 1619 2411 9-Io;
1663 2359 1873 2394 eoeecmte

249 2429 480 2490 episcopo
509 2445 678 2473 omnes
707 2428 777 2473 (cd
800 2446 1007 2474 mmmm
1037 2429 1298 2481 accedunt,
1331 2445 1409 2489 71,
1441 2427 1612 2487 26-273
1642 2442 1740 2488 quo
1766 2426 1873 2471 loco

250 2505 485 2550 leuiorem
511 2521 614 2551 0550
638 2506 871 2552 mendam
898 2506 1180 2552 admiserim
1194 2512 1227 2552 3.

326 2683 354 2703 1.
385 2672 470 2704 Rev.
492 2670 552 2703 des
572 2672 690 2713 Quest.
713 2670 812 2709 hist..
835 2670 992 2707 Lxxlv.
1014 2681 1051 2713 p.
1074 2669 1155 2715 390,
1177 2681 1216 2703 3.
1240 2682 1270 2709 2,
1293 2670 1325 2702 3.

323 2737 355 2758 2.
386 2726 548 2765 Bonnet,
570 2737 627 2769 op.
650 2726 763 2766 laud„
784 2737 821 2770 p.
845 2726 907 2760 561
927 2738 934 2767 ;
956 2726 1071 2769 Haag,
1094 2737 1151 2770 op.
1173 2726 1286 2767 laud„
1308 2737 1345 2770 p.
1366 2725 1409 2770 69
1429 2732 1459 2768 ω·
1483 2727 1576 2767 100).

325 2782 357 2815 3.
388 2782 510 2815 Multo
537 2783 734 2825 grauiores
770 2783 944 2820 mendae,
982 2783 1088 2827 quod
1121 2783 1168 2816 ad
1201 2793 1319 2816 usum
1357 2792 1518 2816 casuum
1555 2782 1730 2815 absolute
1762 2792 1874 2815 usur-

253 2840 436 2882 patorum
457 2840 613 2881 spectat,
641 2838 679 2871 in
706 2838 1023 2882 inscriptionibus
1047 2839 1110 2872 ucl
1133 2839 1237 2882 apud
1262 2838 1464 2881 scriptores
1489 2838 1661 2872 ciusdem
1689 2837 1877 2881 temporis

252 2896 478 2928 occurrunt.
501 2893 556 2926 (Is.
580 2896 765 2938 Refflianle
783 2895 1013 2928 serenissimo
1037 2894 1258 2928 Veremandu
1279 2904 1346 2927 ναΐ
1363 2898 1481 2935 (anno
1504 2893 1601 2937 485),
1625 2904 1686 2936 ap.
1713 2893 1875 2936 Carnoy,

252 2961 289 2994 p.
310 2960 386 2993 191.
402 2950 520 2983 Missis
539 2950 738 2983 caeduntur·
755 2950 906 2984 caurillis
925 2950 977 2993 (id
996 2953 1051 2984 cst
1070 2950 1179 2984 missa
1198 2950 1397 2984 caeduntur·
1414 2949 1584 2987 auxilia),
1605 2949 1700 2982 Idat.
1721 2949 1808 2983 Chr.
1830 2949 1878 2982 ad

253 3016 404 3038 annum
434 3006 495 3044 451
516 3016 523 3046 3
550 3005 725 3039 deducens
750 3016 848 3039 me...
872 3006 1120 3049 peruenimus,
1152 3005 1291 3040 valor..
1318 3008 1358 3040 P.
1382 3007 1438 3047 L.‚
1460 3005 1517 3050 87,
1545 3004 1609 3043 432
1634 3004 1673 3046 B,
1695 3005 1878 3049 frequens

253 3070 313 3104 ap.
337 3061 545 3094 Valerium.

328 3117 440 3150 Recta
473 3118 709 3151 constructio
742 3118 901 3151 ablatiui
932 3118 1100 3151 absoluti
1136 3118 1318 3161 nonagies
1354 3118 1482 3152 sexies,
1516 3119 1610 3150 teste
1644 3116 1757 3150 docto
1790 3116 1877 3150 uiro

260 3173 411 3207 Bechtel
441 3176 512 3217 (op.
544 3173 656 3209 laud..
686 3185 722 3218 p.
756 3185 831 3215 110,
856 3174 922 3219 ix).
944 3174 1124 3208 occurrit.
