2075 3585
791 263 846 289 DE
879 263 935 289 PR
948 261 1293 289 xEPOSITIOYIBVS
1801 262 1846 302 71

232 359 461 421 deforis).
509 357 654 418 Apud
696 356 1066 416 Fredegarium¹
1113 355 1406 400 aduerbialis
1454 360 1648 400 tantum
1696 353 1851 399 torma

231 435 484 481 occurrit2.

296 511 540 557 Omnibus
579 511 664 571 qui
700 509 917 555 romanis
951 509 1136 570 linguis
1179 508 1378 553 student
1413 507 1528 552 satis
1564 513 1741 552 notum
1782 514 1853 552 est

233 588 628 649 francogallieam
647 587 872 646 linguam
891 585 1308 647 praepositionem
1334 584 1690 628 aduerbiumue
1712 584 1844 630 hors,

230 664 413 710 clelzors
456 680 512 710 ex
542 665 691 726 sot-is,
733 663 925 724 deforis
966 661 1178 713 duxisse,
1217 660 1508 706 occitanicas
1547 666 1717 705 contra
1752 660 1853 705 dia-

232 741 381 787 lectos
415 741 626 786 formam
660 739 885 801 deseras,
928 739 1093 800 foras,
1130 737 1483 798 anteposuisse.
1522 737 1577 780 111
1607 736 1852 797 plerisque

231 818 431 879 quidem
456 818 532 862 his
553 816 787 867 dialectis,
812 816 936 861 sicut
955 816 1004 859 in
1025 814 1279 876 hispanica
1299 814 1487 874 lingua,
1512 828 1613 858 non
1633 814 1848 874 plenam,

226 901 280 941 ut
303 896 368 940 ita
394 895 571 946 dicam,
596 894 807 939 sormam
829 892 1032 954 (leforos
1055 900 1104 942 <
1130 891 1352 953 deferas,
1379 890 1463 935 sed
1479 890 1620 935 occit.
1648 891 1839 951 defore,

225 973 354 1033 hisp.
378 974 550 1035 fuera,
581 971 714 1016 nulla
745 988 768 1015 S
799 969 1045 1020 adiuncta,
1076 968 1316 1013 inuenies.
1356 967 1501 1026 Quod
1537 967 1573 1012 si
1610 967 1847 1027 explicare

224 1055 490 1097 tentamus,
514 1048 634 1093 illud
663 1053 714 1092 ut
739 1047 843 1092 ueri
867 1046 1177 1091 simillimum
1213 1044 1577 1089 admittendum
1602 1044 1799 1089 uidetur
1822 1061 1844 1087 s

225 1128 322 1172 iam
349 1127 400 1171 in
434 1125 626 1186 uulgari
666 1125 815 1170 latina
844 1124 1014 1183 lingua
1041 1122 1347 1168 obmutuisse
1374 1121 1439 1166 ita
1465 1127 1520 1166 ut
1538 1121 1677 1182 juxta
1701 1121 1846 1183 foras·

224 1205 380 1250 forma
391 1209 520 1263 sora
540 1202 788 1247 exstaret-³.

286 1371 362 1419 ln.
388 1398 448 1404 -
474 1370 601 1415 Cum
642 1368 846 1414 uocibus
883 1373 1077 1428 tempus
1118 1365 1452 1410 indicantibus
1491 1365 1701 1426 (quaest.
1749 1381 1845 1426 quo

221 1448 480 1509 tempore).

290 1524 346 1570 [η
381 1541 435 1570 ea
473 1524 566 1573 die,
600 1524 678 1574 63,
710 1522 790 1573 18;
822 1524 870 1566 ite
901 1537 955 1566 ea
982 1526 1141 1572 nocte,
1183 1520 1259 1580 39,
1293 1519 1347 1570 8;
1389 1521 1438 1563 in
1482 1519 1565 1564 illo
1603 1525 1840 1579 tempore.

224 1602 301 1655 63,
331 1604 384 1647 15
403 1601 484 1663 (cf.
508 1600 674 1646 omnia
693 1598 913 1660 exempla
934 1598 984 1642 in
1004 1613 1163 1642 unum
1184 1601 1416 1656 congesta
1436 1596 1567 1656 apud
1586 1596 1640 1641 P.
1670 1596 1840 1656 Geyer,

218 1679 353 1731 lad„
384 1678 570 1739 403b)·‘1.

285 1757 356 1801 De
407 1757 454 1801 ιή
505 1771 619 1800 cum
667 1754 828 1799 uerbis
877 1752 1025 1797 eundi
1074 1757 1120 1796 et
1161 1751 1449 1796 nominibus
1491 1750 1726 1811 propriis,
1780 1750 1839 1795 cs.

219 1849 383 1894 supra.

282 1910 340 1955 ln
372 1925 486 1955 cum
518 1909 733 1955 ablatiuo
768 1908 853 1953 ubi
888 1908 1029 1952 illum
1071 1922 1241 1952 casum
1273 1906 1436 1951 solum
1473 1909 1749 1964 exspectes:
1793 1906 1839 1948 ise

218 1988 344 2034 collo
369 1993 554 2039 tenent,
584 1987 661 2037 84,
679 1986 724 2031 3.

290 2124 471 2170 Varia:
497 2126 544 2169 in
567 2123 742 2184 quinto
763 2122 954 2167 decimo
975 2120 1204 2171 miliario,
1232 2120 1285 2165 61
1300 2155 1309 2170 ‚
1335 2135 1385 2179 9;
1410 2118 1469 2163 de
1489 2118 1613 2162 rubo
1635 2119 1685 2162 in
1704 2117 1836 2178 igne,

216 2202 293 2253 38,
324 2202 369 2247 3.
401 2203 484 2247 Ille
508 2216 706 2262 quoque
732 2200 867 2244 locus
894 2199 973 2243 hic
999 2203 1198 2243 notetur
1221 2214 1229 2242 z
1276 2212 1383 2242 ecce
1408 2196 1488 2240 hic
1512 2196 1649 2240 locus
1682 2200 1754 2239 est
1790 2195 1838 2238 in

215 2280 439 2325 ducentis
466 2279 709 2340 passibus,
742 2279 818 2337 57,
854 2276 926 2321 18.

283 2356 575 2418 Saepissime
617 2356 664 2401 ite
703 2354 916 2399 occurrit
957 2368 1071 2397 cum
1104 2352 1318 2397 ablatiuo
1351 2351 1470 2395 dum
1503 2350 1839 2395 accusatiuum

215 2440 459 2495 exspectes
485 2439 532 2478 et
558 2448 697 2478 uersa
717 2432 822 2477 uice
848 2431 968 2475 dum
1002 2430 1275 2475 ablatiuum
1301 2434 1547 2490 exspectes
1567 2443 1679 2472 cum
1702 2442 1841 2471 accu-

216 2512 391 2557 satiuo.
440 2510 534 2555 Sed
573 2510 621 2554 id
666 2524 765 2553 non
808 2508 1014 2553 omnino
1062 2507 1122 2551 ad
1161 2506 1385 2566 syntaxin
1426 2505 1679 2565 pertinet3
1726 2518 1839 2548 cum

219 2588 352 2633 enim
395 2588 491 2632 fere
528 2587 658 2632 idem
703 2591 934 2632 sonarent
978 2602 1007 2629 11
1047 2590 1094 2629 et
1138 2600 1164 2627 ο
1207 2588 1319 2644 post
1360 2587 1617 2628 accentum
1660 2581 1834 2642 posita,

293 2760 321 2781 1.
346 2748 399 2781 Cf.
424 2747 584 2785 Krusch,
606 2746 681 2779 [ml.
704 2746 748 2780 ad
775 2745 988 2788 Fredegar„
1007 2745 1101 2788 soris
1119 2745 1256 2778 urbem.
1284 2744 1359 2778 155.
1380 2744 1434 2777 25.

288 2818 319 2838 2.
342 2803 450 2837 Foris
481 2803 647 2837 mittere.
673 2802 819 2844 Eugen.
848 2801 966 2834 Tolot.
996 2801 1124 2843 episc,
1156 2802 1196 2834 P.
1219 2802 1274 2840 L„
1310 2799 1367 2844 87,
1397 2799 1463 2838 413
1493 2800 1543 2839 Af,
1575 2797 1669 2841 soris
1700 2796 1835 2835 (add).

217 2862 432 2898 Fructuos„
451 2861 491 2891 Ι).
514 2860 568 2897 L.,
590 2858 646 2903 87,
670 2869 756 2890 1110
775 2858 832 2897 C.;
852 2857 956 2890 Foris
975 2857 1088 2895 exire,
1110 2857 1246 2896 valer„
1267 2858 1308 2889 P.
1332 2858 1386 2896 L„
1407 2854 1464 2900 87,
1487 2856 1547 2893 441
1573 2855 1612 2887 (j.

287 2917 319 2950 3.
350 2917 439 2949 Ant.
468 2925 579 2958 prou.
601 2914 747 2957 deseras
773 2913 907 2957 (Ruyn.
928 2915 1018 2946 Leae.
1040 2915 1171 2957 Rom),
1199 2912 1315 2956 desor,
1346 2912 1475 2955 (lesora
1500 2911 1555 2943 (Ιέ.
1589 2911 1695 2952 Low,
1729 2911 1835 2943 Pron.

216 2973 343 3016 Suppl.
366 2972 424 3005 W.
446 2982 474 3004 s.
496 2971 553 3015 u.)

286 3030 319 3067 A.
350 3029 403 3061 Dc
427 3038 506 3071 quo
533 3038 602 3060 usu
631 3026 733 3070 apud
762 3026 995 3069 Gregorium
1025 3026 1290 3058 'l‘uronensem
1320 3024 1409 3058 uide
1446 3025 1607 3066 Bonnet,
1637 3033 1694 3065 ορ.
1725 3022 1837 3061 laud„-

218 3096 254 3128 p.
275 3084 355 3117 (320.
378 3084 489 3126 Quod
511 3084 558 3116 ad
580 3083 851 3125 Fredegarium
879 3082 1017 3115 attinet
1041 3081 1321 3114 animaduertit
1344 3080 1447 3123 llaag
1463 3079 1542 3119 (loe.
1566 3079 1677 3121 laud„
1701 3084 1713 3115 ς
1738 3078 1837 3122 118);

223 3155 239 3169 α
258 3142 437 3183 Dagegen
453 3141 497 3173 ist
518 3140 665 3172 Ablativ
687 3139 757 3172 mit
777 3139 812 3172 ιή
831 3139 920 3172 selu·
935 3138 1209 3180 gebriiuclilich
1232 3137 1291 3171 bei
1310 3136 1579 3179 Zeitangaben.
1600 3150 1614 3165 υ
