2075 3585
239 260 282 308 Ili
450 275 505 301 DE
538 270 788 300 LATINITATE
821 269 1209 300 PEREGRINATIONIS
1242 270 1299 299 AD
1331 271 1442 299 LOCA
1476 270 1637 300 SANCTA

227 367 452 413 uersibus
479 365 740 412 recitandis
764 380 819 410 ea
843 364 986 426 quasi
1012 380 1112 410 non
1140 364 1394 410 sentiatur.
1426 364 1758 410 Doctissimus
1786 365 1861 409 uir

229 444 430 505 quidem
449 444 642 489 Bonnet
662 458 820 504 nuper
844 457 953 487 eam
971 441 1221 502 professus
1241 447 1312 486 est
1332 441 1621 502 opinionem
1648 441 1861 487 litteram

231 538 279 566 m,
309 537 491 567 sonum
525 520 820 582 peculiarem
855 534 1002 564 suum
1033 518 1175 579 quasi
1209 518 1470 564 retinuisse
1504 524 1549 563 et
1580 524 1733 564 aetate
1763 534 1861 580 qua

230 598 496 659 Gregorius
516 597 817 642 Turonensis
838 596 1078 641 scribebat
1098 595 1245 641 etiam
1266 595 1423 641 uocali
1442 611 1566 657 quae
1585 596 1859 656 anteposita

231 682 303 722 est
332 675 473 721 illum
504 691 683 720 sonum
714 674 798 735 qui
824 674 873 718 in
900 688 1019 718 naso
1052 673 1350 718 informatur
1374 673 1583 718 dedisse.
1619 672 1859 734 Equidem

232 768 333 799 non
369 753 512 798 credo
544 753 756 797 litteram
798 751 950 802 illam,
986 750 1069 795 illo
1101 750 1301 811 quidem
1338 756 1576 811 tempore,
1610 765 1718 795 eam
1753 750 1888 795 uim*

232 831 505 876 seruauisse
530 845 653 890 quae
680 828 1006 889 antepositam
1032 827 1253 872 uocalem
1280 827 1485 872 adficere
1510 832 1691 888 posset.
1714 827 1858 885 Quod

232 908 569 953 demonstrare
607 921 721 951 cum
748 905 950 951 forsitan
983 919 1084 949 non
1116 904 1196 949 hic
1236 904 1297 949 sit
1333 905 1488 955 locus,
1522 904 1663 949 liceat
1693 909 1859 949 tamen

233 985 395 1046 aliqua
429 988 719 1045 argumenta
752 982 983 1028 adhibere
1016 997 1141 1042 quae
1181 981 1352 1027 saltem
1386 981 1649 1027 ostendant
1679 981 1860 1042 quibus

232 1063 376 1107 rebus
425 1060 698 1106 obseruatis
748 1064 794 1104 et
839 1058 1027 1104 ratione
1077 1057 1298 1103 deductis
1343 1057 1581 1103 iudicium
1631 1063 1860 1104 nostrum

233 1139 571 1184 confirmetur.

299 1215 567 1276 Postquam
596 1215 754 1258 littera
780 1229 824 1256 m
853 1213 903 1256 in
925 1213 1022 1258 fine
1042 1212 1309 1258 uerborum
1336 1212 1494 1273 posita
1521 1211 1860 1258 obmutescere

232 1292 393 1353 coepit
411 1291 718 1336 accusatiuus
740 1290 1003 1350 singularis
1019 1290 1234 1335 ablaliuo
1256 1290 1304 1333 in
1322 1289 1568 1350 plerisque
1581 1289 1859 1335 declinatio-

234 1370 379 1414 nibus
405 1368 578 1414 similis
604 1368 758 1413 factus
780 1373 867 1412 est.
892 1366 1035 1425 Quod
1063 1367 1122 1411 ad
1149 1366 1432 1418 secundam,
1462 1382 1613 1427 quam
1626 1366 1855 1418 dicimus,

232 1446 611 1492 declinationem
641 1445 831 1502 attinet,
866 1444 1027 1489 littera
1054 1461 1082 1488 ιι
1112 1445 1215 1489 siue
1240 1444 1466 1504 analogia
1493 1444 1706 1504 quadam
1738 1450 1856 1489 cete-

233 1540 399 1570 rarum
439 1522 869 1573 declinatiomim¹‚
916 1521 1036 1572 siue,
1083 1521 1216 1582 quod
1258 1522 1461 1566 sortasse
1502 1521 1607 1565 ueri
1650 1520 1859 1566 similius

231 1607 319 1653 cst,
366 1601 473 1647 soni
515 1599 730 1661 quadam
767 1598 1093 1643 similitudine
1124 1604 1247 1649 acta,
1285 1598 1382 1643 iam
1427 1598 1701 1658 antiquitus
1741 1597 1790 1642 in
1833 1615 1859 1642 ο

236 1679 473 1724 transiit2⁸
502 1676 635 1723 Nihil
679 1676 863 1721 mirum
896 1676 1058 1737 itaque
1095 1676 1307 1721 litteram
1340 1692 1366 1719 0
1401 1691 1489 1736 pro
1526 1675 1696 1720 litteris
1730 1674 1857 1736 u(m)

235 1756 447 1817 positam
472 1770 576 1800 esse
603 1760 649 1799 et
676 1753 782 1798 uice
808 1769 966 1805 uersa,
995 1768 1280 1814 quanquam
1309 1752 1466 1797 rarius
1494 1769 1574 1796 um
1605 1768 1695 1813 pro
1721 1768 1765 1796 o.

297 1833 442 1894 Apud
484 1831 779 1892 Gregorium
821 1831 1161 1876 Turonensem
1204 1829 1423 1890 quidem,
1469 1830 1549 1874 illa
1585 1829 1859 1874 litterarum

233 1910 455 1955 confusio
486 1910 536 1954 in
573 1907 895 1954 substantiuis
929 1913 1121 1953 tantum
1153 1906 1417 1957 occurrit³;
1462 1922 1561 1966 quo
1600 1906 1859 1952 obseruato

233 1986 520 2033 doctissimo
562 1986 671 2031 uiro
711 1985 905 2030 Bonnet
948 1990 1075 2029 recte
1121 1983 1338 2044 quodam
1374 1983 1525 2028 modo
1569 1983 1861 2028 concludere

231 2064 367 2109 licuit
397 2079 537 2109 casus
568 2062 872 2107 accusatiuos
902 2061 1207 2106 ablatiuosue
1233 2076 1281 2105 re
1307 2076 1423 2105 uera
1448 2060 1706 2112 confundi,
1738 2060 1862 2105 litte-

233 2157 338 2185 ram
363 2156 481 2185 uero
507 2157 551 2184 m
584 2155 762 2185 sonum
797 2138 1055 2199 proprium
1099 2137 1387 2182 seruauisse.
1430 2137 1524 2195 Qui
1559 2152 1672 2181 cum
1713 2136 1862 2198 profi-

235 2223 391 2263 teatur
416 2217 491 2262 his
518 2216 680 2261 uerbis
705 2232 713 2260 :
755 2231 779 2261 ((
800 2215 854 2260 Je
880 2231 959 2260 me
983 2215 1137 2260 borne
1162 2213 1188 2259 a
1215 2214 1331 2259 tirer
1355 2213 1414 2258 de
1449 2229 1568 2258 mon
1594 2219 1768 2259 auteur
1792 2213 1862 2258 les

234 2294 518 2339 inductions
554 2292 834 2354 auxquelles
870 2293 902 2337 il
934 2292 1098 2337 donne
1130 2291 1243 2337 lieu.
1287 2290 1334 2335 Si
1372 2291 1471 2336 l'on
1497 2306 1558 2335 en
1584 2290 1668 2336 fait
1693 2296 1863 2336 autant

233 2387 360 2432 pour
392 2370 635 2432 plusieurs
668 2376 829 2415 autres
863 2375 1078 2420 auteurs,
1107 2368 1141 2412 il
1174 2368 1449 2429 apparaitra
1474 2367 1711 2428 peut-&tre
1741 2366 1861 2428 qu'il

234 2465 263 2508 y
282 2448 439 2494 aurait
457 2448 552 2493 lieu
573 2447 632 2492 de
651 2446 828 2492 reviser
846 2447 891 2492 la
916 2446 1048 2507 regle
1067 2445 1310 2507 generale,
1337 2462 1360 2491 >)
1387 2443 1480 2490 sub
1507 2445 1674 2490 iudice
1699 2444 1861 2490 adhuc

234 2525 371 2570 litem
389 2531 435 2571 et
454 2524 792 2586 grammaticis
812 2523 1029 2570 certandi
1049 2523 1243 2585 copiam
1263 2537 1383 2573 esse,
1413 2522 1511 2567 huc
1531 2537 1859 2583 congeramus

233 2603 453 2664 exempla
484 2618 541 2648 ex
574 2601 757 2647 nostris
800 2600 1036 2662 excerptis
1067 2615 1191 2662 quae
1227 2615 1328 2645 non
1361 2599 1513 2645 modo
1545 2599 1606 2645 ad
1631 2598 1854 2650 nomina,

234 2680 317 2726 sed
347 2680 495 2726 etiam
529 2679 590 2725 ad
621 2678 770 2724 uerba
802 2679 1059 2725 attineant.

300 2755 514 2802 Ozum.
567 2756 658 2801 Per
694 2757 825 2820 giro,
878 2755 955 2807 63,
990 2771 1070 2807 103
1118 2755 1197 2807 lio,
1231 2755 1313 2807 Ῑίις
1356 2753 1434 2805 38,
1470 2755 1553 2806 15;
1595 2752 1860 2799 acceditur

233 2834 407 2878 codem
434 2833 560 2885 loeo,
591 2833 669 2894 96,
699 2849 778 2894 19;
809 2842 988 2877 contra
1013 2834 1120 2892 ipso
1149 2830 1277 2883 loc-0,
1306 2831 1384 2883 63,
1415 2847 1494 2891 173
1526 2831 1855 2891 οἰνοίιριιίεο,

233 2911 309 2963 68,
339 2912 420 2964 Ιίι;
449 2912 574 2956 satis
595 2920 760 2973 grato,
786 2910 863 2962 64,
890 2926 971 2962 223
1003 2908 1221 2960 modico,
1247 2908 1325 2970 87,
1351 2924 1438 2961 223
1468 2908 1644 2958 sirico,
1670 2907 1747 2967 76,
1777 2922 1856 2959 123

311 3052 340 3075 ι.
360 3040 444 3074 Ace.
466 3040 644 3083 rosaffin),
666 3039 740 3072 abl.
764 3049 870 3080 rosa‚·
887 3048 962 3073 acc.
984 3038 1203 3082 sorore(m)‚
1225 3037 1302 3072 abl.
1324 3047 1464 3078 sorore,
1486 3039 1555 3070 etc.

307 3108 338 3129 2.
361 3097 417 3130 Cf.
440 3106 568 3140 supra,
590 3098 640 3129 De
660 3095 843 3129 uocalibus
862 3095 937 3137 (ο).

313 3151 345 3186 3.
368 3151 531 3193 Bonnet⁷
553 3162 610 3195 op.
634 3151 746 3192 laud„
775 3162 811 3195 p.
837 3150 914 3190 154.
