2075 3585
267 264 319 305 iil)
487 278 543 304 DE
576 276 829 303 L.x⁷1‘1N1TAT1‹J
864 273 1253 302 PEREGRlNATIOle
1287 275 1344 301 AD
1377 273 1487 302 LOCA
1522 273 1682 301 SANCTA

265 371 423 415 forma
447 368 577 428 apud
604 373 823 413 nostram
843 372 1014 428 quater
1032 366 1259 412 occurrit.
1284 366 1430 411 Deest
1450 365 1580 427 apud
1602 365 1895 426 Gregorium

265 447 654 495 Turonensem13
708 461 816 490 eam
861 444 993 505 apud
1036 443 1387 504 Fredegarium
1425 442 1623 504 reperiri
1659 442 1794 488 testis
1825 447 1897 488 est

266 523 449 583 Haag2.

330 601 562 645 Formam
590 598 742 661 ips-ad
765 599 899 644 Neue
926 599 974 642 in
1001 598 1184 642 librum
1220 613 1383 649 suum,
1408 598 1572 643 nescio
1603 612 1702 658 quo
1733 602 1892 658 pacto,

267 693 365 723 non
414 676 771 722 admittendam
817 675 1131 720 existimauit.
1184 675 1293 735 Ipse
1344 681 1509 720 tamen
1548 673 1898 720 animaduertit

269 755 399 799 illam
424 754 637 799 formam
662 758 833 813 quater
857 752 1092 797 exstitisse
1118 752 1167 796 in
1187 752 1400 797 editione
1427 751 1736 811 grammatici
1758 751 1899 796 Pom·
1927 768 1930 779 ¹

268 831 388 892 peii3
414 847 440 875 a
466 830 804 875 Lindemanno
842 835 1026 880 curata,
1057 828 1139 873 sed
1176 844 1283 873 eam
1323 844 1349 873 a
1392 828 1545 874 Keilio
1586 827 1898 874 emendatam

267 923 395 960 esse;
441 907 543 968 qui,
589 922 704 952 cum
748 906 918 951 ceteris
966 906 1085 951 locis
1122 905 1274 967 ipsud
1313 906 1363 950 in
1408 907 1574 967 ipsum
1614 904 1898 950 correxisset

268 1000 368 1030 uno
394 990 560 1034 tamen
586 984 694 1029 loco
710 987 721 1017 '¹
748 983 983 1028 indicauit
1008 983 1133 1028 duos
1153 982 1342 1028 codices
1364 982 1660 1028 Parisienses
1685 981 1897 1026 formam

270 1061 363 1105 lm(-
390 1060 542 1122 ipsud
566 1060 759 1105 habere.
800 1060 942 1105 Nulla
980 1075 1112 1105 nunc
1155 1065 1227 1105 est
1269 1075 1413 1105 causa
1457 1075 1544 1104 cur
1580 1059 1700 1104 haec
1740 1058 1899 1103 forma

269 1154 294 1182 a
320 1137 517 1198 reliquis
543 1137 713 1181 formis
739 1136 931 1181 barbari
964 1136 1093 1182 illius
1130 1136 1370 1181 sermon1s
1406 1151 1505 1197 quo
1534 1135 1688 1197 plebs,
1726 1134 1898 1196 primis

268 1214 470 1275 quidem
496 1214 698 1259 saeculis
724 1219 836 1273 post
861 1213 1132 1265 Christum,
1159 1228 1244 1258 usa
1270 1219 1342 1258 est
1367 1218 1666 1273 segregetur.

337 1368 436 1424 Qui
457 1384 546 1429 pro
572 1385 701 1430 (suae
726 1368 906 1428 legitur
931 1370 983 1413 51
999 1404 1008 1418 ,
1045 1368 1122 1420 13;
1165 1383 1289 1429 quae
1324 1368 1482 1413 forma
1507 1381 1622 1411 cum
1658 1366 1708 1410 in
1732 1365 1897 1411 codice

268 1451 419 1491 exstet
459 1451 505 1490 et
548 1461 663 1490 cum
699 1445 804 1490 aliis
858 1445 1100 1490 similibus
1135 1445 1306 1490 formis
1348 1443 1479 1505 apud
1520 1443 1897 1504 Fredegarium5

268 1523 636 1568 occurrentibus
657 1529 915 1584 congruat,
944 1538 1051 1568 eam
1077 1522 1127 1567 in
1156 1528 1341 1568 textum
1362 1522 1568 1567 libenter
1593 1520 1893 1566 admiserim.

332 1676 510 1738 Aliqui·
549 1677 813 1722 hominum
850 1692 940 1737 pro
971 1675 1177 1738 aliquis,
1210 1676 1286 1727 46,
1319 1675 1364 1727 8,
1394 1691 1449 1721 ex
1482 1675 1778 1736 pronomine
1811 1674 1900 1735 qui

267 1755 608 1800 informatum.
638 1753 733 1813 (Cf.
770 1752 904 1798 Thes.
940 1752 1058 1818 ling.
1092 1752 1202 1805 lac„
1232 1769 1280 1814 p.
1311 1752 1448 1813 1607,
1481 1752 1585 1813 35.)

680 1955 755 2012 D.
810 1954 900 2012 DE
952 1976 1482 2013 CONIVGATIONIBVS.

332 2157 576 2203 Hactenus
597 2158 656 2203 de
675 2156 1084 2203 declinationibus
1110 2162 1158 2202 et
1182 2157 1241 2202 de
1268 2157 1473 2203 uocibus
1499 2156 1889 2202 declinabilibus.

269 2234 320 2278 si
349 2250 481 2280 nunc
514 2234 572 2279 ad
605 2234 978 2294 coniugationes
1011 2234 1258 2286 uenimus,
1295 2233 1391 2279 hoc
1424 2234 1643 2294 primum
1678 2233 1894 2278 animad-

266 2312 560 2357 uertendum
574 2328 598 2357 e
610 2312 898 2357 confusione
918 2311 1193 2356 litterarum
1206 2311 1387 2372 quibus
1401 2327 1546 2357 uoces
1566 2310 1895 2356 terminantur

265 2388 507 2448 quaedam
554 2404 678 2448 quae
724 2388 935 2433 dicimus
983 2389 1131 2433 uerba
1189 2388 1241 2433 in
1293 2388 1694 2449 coniugationem
1747 2387 1892 2432 aliam

264 2480 414 2526 quam
440 2481 591 2526 quam
620 2466 772 2525 uulgo
793 2471 1068 2526 sequuntur
1089 2466 1353 2511 transiisse.
1393 2466 1489 2510 Nec
1524 2465 1736 2517 mirum;
1771 2463 1893 2508 illud

264 2541 398 2586 enim
449 2557 595 2603 supra
647 2543 761 2587 satis
805 2548 1116 2602 compertum
1170 2542 1436 2587 habuimus
1482 2548 1592 2603 post
1634 2546 1892 2588 accentum

338 2707 366 2728 1.
398 2696 559 2735 Bonnet,
582 2706 618 2738 p.
640 2693 720 2736 301,
742 2693 823 2729 385.

334 2762 367 2784 2.
394 2751 457 2785 Die
472 2752 648 2784 Latinitr'it
666 2751 882 2795 Fredeqars,
906 2757 918 2789 §
940 2750 995 2796 73.
1018 2751 1107 2785 Eius
1132 2751 1373 2785 adnotationi
1400 2751 1473 2785 hoc
1496 2750 1735 2792 addendum,
1755 2751 1891 2786 eodem

260 2807 343 2841 loco
361 2807 531 2841 codicem
551 2807 750 2851 quendam
770 2809 937 2841 sormam
956 2808 1204 2843 emendatam
1224 2808 1341 2851 ipsum
1360 2808 1556 2851 praebere.
1571 2807 1626 2842 Cf.
1643 2808 1702 2842 ed.
1725 2809 1887 2846 Krusch,

258 2862 388 2897 Adnot.
409 2863 490 2897 crit.
512 2863 567 2896 Cf.
590 2863 669 2897 Lib.
691 2863 794 2905 Ord„
816 2874 846 2897 c.
871 2862 952 2909 571.

331 2918 364 2952 3.
395 2919 590 2953 Commeat.
609 2919 645 2952 in
665 2921 793 2954 Donat.

330 2974 364 3012 [ι.
394 2975 487 3016 Keil,
508 2985 545 3018 p.
574 2975 729 3019 176,12.

327 3029 359 3063 5.
392 3031 506 3073 [laag.
545 3041 601 3073 ορ.
637 3031 749 3073 laud,
772 3038 785 3070 s
806 3033 860 3077 75.
885 3033 1042 3067 Mendae
1060 3043 1170 3066 causa
1206 3033 1274 3067 tibi
1309 3034 1376 3067 fiet
1410 3033 1560 3074 clarior,
1592 3033 1621 3066 si
1650 3033 1690 3066 in
1716 3036 1889 3068 mentem

256 3086 408 3120 uenerit
426 3087 488 3131 qui
507 3098 578 3130 pro
597 3098 665 3131 que
694 3088 770 3121 iam
806 3099 849 3122 eo
872 3091 1044 3132 tempore
1072 3092 1306 3133 usurpatum
1325 3099 1414 3123 esse.
1442 3089 1498 3122 Cf.
1525 3099 1586 3133 ap.
1614 3088 1889 3133 Fredegarium

257 3142 401 3176 ruinam
421 3142 495 3186 qui,
519 3143 553 3176 ιἰι
569 3145 671 3177 turre
689 3144 771 3187 qut]
790 3144 885 3178 silua
903 3145 966 3189 qui
984 3145 1145 3185 uocatur,
1172 3156 1247 3190 192,
1271 3157 1303 3179 2.
