2075 3585
733 244 938 272 sx'x'mxls
971 242 1141 271 CASVVM
1723 230 1746 270 6
1758 244 1772 270 1

160 337 454 398 praepositio
481 338 547 389 ite,
578 337 658 383 ad.
693 337 965 382 secundum
992 341 1171 381 rectam
1198 335 1572 394 grammaticam
1599 340 1770 379 arteni.

160 414 321 458 Velut:
352 412 642 458 reuertebm·
664 410 1168 473 Constarelinopolim,
1187 411 1264 462 60,
1285 411 1368 462 26;
1398 411 1599 471 perueni
1625 410 1778 455 Esses·—

156 507 263 534 ssaem
282 496 310 534 ι’.
340 490 413 534 Fit
436 490 565 535 idem
586 505 699 534 cum
720 489 870 534 uerbo
888 505 992 532 esse
1011 489 1089 533 cui
1108 493 1273 533 motus
1287 487 1422 532 notio
1437 487 1664 532 adiuncta
1677 494 1745 532 est
1763 504 1771 531 :

157 565 693 629 „llagdalmnsuimus,
714 567 788 626 47,
812 566 884 617 16;
904 566 939 609 Α
951 564 1577 623 laramlriam...summm
1594 565 1669 611 50,
1702 566 1773 615 14.

221 644 312 688 Ter
357 649 591 703 quaterue
632 643 944 703 reperiuntur
981 640 1183 686 nomina
1229 640 1429 684 urbium
1471 640 1521 683 in
1564 639 1778 685 ablatiuo

158 721 342 782 posita2
368 736 377 764 t
408 720 622 781 sternens
658 718 876 769 Pelusio,
909 720 983 768 50,
1020 734 1098 778 19;
1130 716 1399 762 Antiochia
1427 732 1541 760 eum
1564 717 1773 777 fitis-sem

157 815 403 861 regressa,
424 797 501 857 69,
528 798 580 848 ὃς
608 795 925 857 peruenimus
957 794 1176 842 Tallmis,
1210 794 1260 838 in
1287 809 1341 839 ea
1360 793 1574 844 ciuitate,
1599 795 1674 845 50,
1702 811 1773 838 11.

157 875 209 918 Id
262 874 579 925 uocabulum,
636 888 922 934 quanquam
964 872 1014 916 in
1056 871 1418 916 indeclinabilia
1462 871 1672 921 transiit,
1725 878 1778 916 ut

158 951 429 995 ablatiuum
456 950 705 995 Etheriam
734 949 963 994 habuisse
988 948 1120 993 haud
1146 948 1341 993 difficile
1366 947 1675 993 crediderim.

223 1028 519 1087 Plerumque
542 1033 706 1072 autem
735 1026 933 1071 urbium
964 1025 1169 1070 nomina
1188 1040 1302 1070 cum
1324 1024 1394 1068 acl
1412 1030 1496 1069 aut
1522 1025 1572 1068 in
1598 1024 1778 1085 (multo

158 1105 456 1165 frequentius
484 1104 714 1149 adiuncto
740 1109 976 1163 usurpata
1001 1102 1229 1162 reperias.

220 1181 276 1226 In
316 1197 429 1226 cum
465 1181 777 1226 accusatiuo:
809 1181 855 1224 (ἠ
897 1179 1239 1224 Ierusolimam
1284 1179 1550 1230 uenissem,
1595 1180 1671 1230 60,
1723 1195 1774 1239 7;

156 1258 280 1304 uade
317 1260 364 1303 in
411 1258 666 1310 Charram,
708 1258 785 1309 65,
825 1259 875 1308 5;
907 1257 975 1317 (ite
1017 1256 1190 1307 Faran,
1232 1257 1309 1307 45,
1351 1272 1431 1308 123
1470 1255 1778 1301 Theodosius

157 1335 294 1381 Fara
323 1335 535 1387 ciuitate,
564 1335 680 1380 Itc'tz.
712 1334 935 1384 Hieros„
971 1333 1077 1385 148,
1109 1333 1179 1394 7.)
1204 1339 1321 1378 0103.

221 1414 348 1458 Cum
399 1413 661 1473 regionum
697 1411 1017 1456 nominibus:
1057 1409 1126 1454 ad
1158 1410 1408 1470 Egyptum
1436 1410 1648 1462 fueram,
1697 1412 1775 1471 49,

159 1490 240 1536 23;
269 1489 340 1534 ad
373 1489 673 1534 Thebaidam
718 1488 921 1537 fueram,
970 1489 1047 1547 49,
1096 1503 1179 1538 223
1226 1486 1569 1532 Alexandriam
1615 1493 1662 1532 et
1707 1486 1777 1531 ml

156 1566 455 1611 Thebaidam
506 1566 710 1615 fueram,
753 1567 830 1616 50,
870 1566 941 1615 14,

221 1643 302 1688 Ad
341 1659 455 1688 cum
496 1641 777 1689 accusatiuo
815 1642 891 1687 uel
922 1641 1136 1686 ablatiuo
1177 1642 1312 1700 (cum
1348 1641 1453 1686 aliis
1494 1641 1778 1687 nominibus

157 1721 388 1782 propriis)
417 1737 424 1765 :
456 1721 558 1765 iem·
598 1719 668 1764 ad
700 1720 1008 1767 Anas-casim,
1056 1718 1131 1778 78,
1164 1734 1245 1778 27:
1290 1717 1361 1762 ml
1400 1717 1663 1767 Anastase,
1701 1719 1777 1778 78,

159 1814 243 1844 20:
274 1798 352 1849 84,
383 1798 427 1843 6.

222 1875 279 1920 In
315 1890 429 1920 cum
470 1874 684 1919 ablatiuo
715 1890 722 1917 :
765 1875 813 1918 in
844 1873 1046 1923 Charra,
1081 1873 1158 1924 65,
1195 1873 1245 1924 6;
1293 1873 1339 1917 (ἠ
1379 1872 1586 1923 Pelusio,
1616 1875 1692 1923 50,
1729 1889 1777 1923 23

158 1952 446 2013 peruenitur
489 1953 535 1995 in
580 1950 884 1999 Ierusolima,
934 1952 1010 2010 75,
1062 1966 1147 2010 293
1185 1950 1233 1994 in
1266 1949 1553 1994 lerusolima
1593 1950 1777 1999 tendat,

166 2045 270 2081 100,
313 2045 394 2080 21;
432 2028 615 2073 reuersi
653 2043 825 2073 sumus
862 2027 911 2072 in
944 2026 1138 2072 Clesma
1172 2025 1443 2085 (indecld'),
1483 2026 1559 2077 46,
1598 2043 1677 2085 19;
1731 2028 1779 2071 in

160 2105 477 2157 lerusolimis,
508 2108 586 2157 60,
619 2121 698 2156 2τ),;
731 2106 807 2155 65,
838 2105 882 2156 6,
907 2109 981 2149 etc
996 2108 1023 2147 ‘¹.

225 2184 351 2228 Cum
387 2182 816 2227 indeclinabilibus
853 2180 1172 2226 nominibus:
1217 2182 1267 2224 ιἰι
1305 2180 1436 2240 Syon
1478 2179 1776 2240 proceditur,

162 2262 237 2321 75,
270 2260 346 2312 23,
375 2265 465 2305 etc.

226 2338 275 2381 Si
319 2337 486 2382 omnia
527 2335 747 2396 exempla
779 2334 959 2395 quibus
993 2333 1074 2380 ad.
1114 2336 1166 2378 in
1202 2349 1316 2379 cum
1348 2333 1637 2379 nominibus
1672 2349 1783 2394 pro-

160 2415 278 2475 priis
325 2414 604 2473 iunguntur
655 2411 941 2472 inspexeris,
996 2410 1081 2455 tibi
1127 2410 1422 2456 concludere
1471 2410 1634 2456 licebit
1681 2426 1781 2455 non

160 2491 367 2536 omnino
408 2490 469 2535 ad
501 2495 722 2534 nostram
767 2487 1009 2549 pertinere
1043 2503 1168 2548 quae
1198 2487 1378 2532 Paulus
1416 2487 1570 2548 Geyer
1602 2487 1663 2532 de
1693 2503 1783 2532 usu

161 2568 337 2613 harum
363 2566 788 2628 praepositionum
814 2564 1008 2625 scripsit
1033 2565 1083 2608 in
1104 2563 1162 2608 Δ1.
1189 2563 1245 2608 L.
1265 2563 1342 2616 L.‚
1368 2564 1445 2615 IV,
1469 2580 1517 2625 p.
1548 2564 1634 2609 331
1656 2581 1665 2616 3
1690 2564 1775 2625 qui

160 2661 273 2689 vum
321 2644 452 2689 docti
488 2643 578 2687 uiri
627 2642 856 2687 Bourciez
899 2641 1123 2686 libellum
1174 2646 1595 2686 commentaretur
1634 2640 1780 2685 uerba

237 2792 263 2812 1.
293 2780 349 2814 Cf.
373 2779 410 2812 E.
435 2778 617 2819 Wolsslin,
640 2777 678 2810 in
698 2779 739 2810 sl.
760 2779 801 2810 L.
824 2775 881 2816 L.‚
905 2775 962 2815 lv,
985 2787 1020 2819 p.
1044 2787 1124 2820 272⁴

234 2850 264 2868 -ε,
294 2836 349 2869 Cf.
382 2845 481 2879 quac
518 2835 668 2868 Bonnet
700 2833 747 2867 de
786 2832 976 2866 eiusmodi
1011 2831 1366 2866 constructionibus
1404 2832 1507 2876 apud
1550 2831 1783 2874 Gregorimn

161 2892 321 2936 scripsit⁷
343 2902 400 2935 op.
424 2891 536 2930 laud„
557 2901 594 2934 p.
617 2890 696 2934 572,
716 2888 797 2933 573.

233 2948 265 2981 3.
296 2948 435 2981 Omnia
456 2946 631 2990 exempla
659 2956 719 2990 ap.
758 2945 795 2978 P.
827 2944 948 2988 Geyer
966 2944 1005 2977 in
1027 2944 1137 2978 Indic.
1161 2943 1208 2978 ad
1233 2943 1400 2985 Simiam,
1430 2944 1492 2978 uel
1522 2954 1581 2987 ap.
1616 2943 1781 2978 Bechtel,

163 3016 200 3048 1)-
223 3004 279 3049 96,
301 3015 358 3049 97,
380 3003 436 3049 98,

235 3060 266 3097 l..
296 3059 352 3092 Cf.
389 3060 429 3092 in
465 3059 643 3092 Anastase
678 3055 908 3101 ingreditur,
933 3056 987 3101 76,
1013 3066 1050 3098 23
1086 3055 1126 3089 in
1162 3054 1315 3090 Lazario
1335 3065 1426 3090 cum
1454 3056 1621 3089 uentum
1652 3054 1780 3093 suerit,

165 3116 221 3151 82,
250 3127 300 3148 12.
