2075 3585
232 271 251 298 2
448 262 504 294 DE
538 262 786 294 LATINITATE
819 260 1207 293 PEREGR1N.xT10le
1239 265 1296 291 AD
1330 263 1441 291 LOCA
1475 258 1637 289 SANCTA

229 380 261 408 a
294 361 593 407 mutandum
641 359 916 421 plurimum
957 358 1186 404 ualuisse.
1227 357 1433 419 Liquida
1474 355 1609 402 enim
1634 373 1660 399 r
1694 370 1749 401 ea
1782 360 1854 401 est

228 445 401 485 natura
436 452 559 499 quae
601 436 738 482 facile
780 451 959 481 sonum
987 452 1018 480 a
1052 435 1389 496 praepositum
1422 433 1473 478 in
1500 449 1524 478 e
1549 437 1846 494 permutata

296 516 351 560 In
386 514 789 575 inscriptionibus
825 512 1086 574 Hispaniae
1130 527 1289 557 unum
1322 510 1603 572 exemplum
1639 509 1854 571 repperit

232 594 468 654 Carnoy2‚
489 590 653 636 lzz'lera
673 606 762 651 pro
783 589 984 635 hilara:
1006 590 1057 634 in
1077 605 1176 651 quo
1196 589 1406 635 litterula
1425 605 1450 632 r
1470 594 1541 634 est
1561 586 1852 648 postposita.

297 671 352 716 In
387 669 674 715 nominibus
710 667 940 730 propriis,
979 682 1103 728 quae
1133 667 1185 711 in
1223 666 1406 712 Galliae
1445 663 1852 726 inscriptionibus

232 748 566 799 continentur,
596 746 723 791 hanc
743 745 852 790 soni
871 744 1198 790 mutationem
1218 759 1325 789 sero
1347 758 1580 805 apparere
1600 741 1857 788 adnotauit
1885 783 1891 793 .

233 826 440 871 Pirson:
481 822 744 869 Daaerz'as
791 838 880 884 pro
921 821 1209 873 Daumius,
1253 820 1531 885 Agnes-icus
1565 834 1654 881 pro
1688 819 1858 883 Agna-

234 905 370 949 rz'cas
391 906 423 946 3.

297 978 627 1025 Transieritne
652 977 800 1023 etiam
825 993 856 1022 a
882 977 934 1021 in
960 993 983 1021 e
1008 982 1122 1038 post
1146 976 1380 1037 priorem,
1419 975 1504 1036 qui
1539 974 1636 1020 dici
1670 980 1850 1037 potest,

233 1063 489 1103 accentum
513 1055 607 1101 hoc
626 1053 875 1115 exemplo:
904 1051 1200 1099 Gessemfmz?
1217 1053 1291 1114 (3³),
1321 1053 1398 1105 δ’,
1429 1069 1445 1097 1
1462 1069 1478 1097 I
1506 1051 1848 1113 (Gessamani,

234 1134 312 1183 86,
334 1133 413 1194 27)
427 1132 653 1178 dubium.
677 1132 906 1189 Quocum
924 1131 1146 1192 exemplo
1165 1130 1385 1176 conferas
1408 1130 1557 1176 uelim
1582 1128 1858 1176 Cessarone

233 1210 372 1272 (ltin.
403 1209 620 1257 Hieros..
657 1210 702 1260 ίι,
750 1208 826 1269 15)
867 1213 913 1253 et
943 1206 1227 1262 Cesset-one,
1252 1206 1314 1252 lt.
1345 1206 1461 1252 Ant.
1496 1205 1578 1269 [Ic.
1607 1204 1854 1269 Hi'eros.]‚

233 1288 344 1349 389,
376 1288 429 1340 [ις
460 1287 570 1348 396,
602 1302 645 1347 9.

299 1450 362 1497 E.
380 1478 441 1484 —-
459 1449 630 1495 Eante
648 1448 870 1494 uocalem
891 1447 1049 1508 posita
1064 1446 1254 1492 transiit
1273 1446 1323 1491 in
1341 1448 1359 1492 ι’
1372 1465 1386 1491 .·
1407 1447 1476 1492 sic
1497 1446 1853 1500 calciamento,

236 1529 313 1581 42,
340 1530 421 1580 243
464 1527 541 1579 113,
579 1527 650 1572 13.
681 1525 826 1584 Quod
851 1525 1132 1586 exemplum
1166 1540 1317 1586 quam
1349 1524 1491 1585 parui
1517 1524 1580 1570 sit
1613 1524 1858 1570 momenti

235 1605 542 1667 superfluum
568 1610 640 1649 est
664 1603 844 1655 dicere3
870 1602 983 1647 satis
1005 1602 1065 1647 sit
1083 1617 1474 1647 commemorare
1493 1601 1628 1647 illam
1647 1602 1859 1647 formam

234 1682 332 1728 iam
358 1682 442 1727 diu
468 1681 519 1726 in
545 1681 714 1742 lingua
741 1680 890 1725 latina
906 1682 919 1713 ‘³
944 1679 1198 1725 exstitisse.

300 1759 403 1805 Hoc
428 1774 545 1804 uero
580 1758 860 1819 exemplum
884 1756 1120 1802 maiorem
1149 1756 1253 1802 uim
1279 1762 1410 1802 tenet
1433 1772 1441 1801 ε
1472 1755 1743 1817 ceriofalz‘s‚
1779 1755 1856 1817 76,

240 1836 312 1890 16,
344 1837 428 1882 sed
454 1834 722 1898 cereofala,
775 1835 852 1895 73,
891 1835 941 1886 6;
981 1834 1163 1885 coclea,
1199 1835 1276 1896 39,
1314 1835 1413 1880 125.
1453 1834 1621 1879 Adde:
1659 1834 1861 1880 archio-

237 1917 358 1977 tipa,
399 1915 477 1966 64,
515 1913 558 1957 5.

301 1991 451 2036 Multa
499 1989 722 2050 exempla
770 1989 829 2034 ad
876 1989 970 2034 hoc
1016 1988 1284 2049 spectantia
1339 1988 1390 2033 in
1445 1988 1606 2034 lucem
1653 1988 1858 2049 protulit

236 2067 477 2129 Carnoyss.
509 2067 689 2112 Mirum
715 2072 900 2127 quanto
938 2066 1129 2127 saepius
1159 2083 1183 2110 e
1210 2082 1300 2126 pro
1327 2068 1345 2112 ι’
1369 2066 1582 2127 positam
1610 2066 1821 2128 reperias
1845 2082 1854 2111 :

237 2147 256 2191 i
276 2161 366 2207 pro
399 2162 422 2189 e
461 2144 832 2206 quatuordecies
867 2144 1086 2205 ponitur,
1133 2161 1157 2187 e
1199 2145 1334 2204 proi
1371 2159 1512 2188 uersa
1554 2143 1661 2189 uice
1700 2143 1861 2188 tricies

235 2228 422 2284 quater.
462 2221 590 2266 Haec
627 2220 847 2282 exempla
882 2221 932 2264 in
975 2220 1225 2266 Lusitania
1261 2226 1307 2265 et
1338 2220 1535 2266 Asturia
1570 2220 1862 2284 pierumque

237 2304 528 2350 occurrunt;
571 2298 630 2342 de
673 2298 852 2358 quibus
900 2313 1013 2342 cum
1061 2297 1254 2358 Carnoy
1294 2297 1670 2358 diligentissime
1712 2298 1863 2343 disse-

236 2376 388 2422 ruerit
406 2381 452 2421 et
471 2375 692 2436 exempla
717 2390 741 2419 e
767 2373 1181 2438 Peregrinatione
1203 2380 1425 2435 excerpta
1445 2374 1594 2420 nimis
1614 2390 1722 2420 rara
1742 2374 1858 2426 sint,

239 2469 341 2499 non
376 2452 522 2499 latius
564 2457 635 2498 est
669 2451 1036 2503 disserendum3
1083 2451 1182 2497 duo
1224 2451 1433 2497 asturica
1475 2452 1696 2513 exempla
1743 2451 1863 2498 haec

314 2649 343 2670 1.
374 2636 428 2670 Cf.
458 2636 596 2671 ·ariam
625 2636 664 2670 in
695 2635 826 2670 -eriam
852 2635 892 2669 in
921 2646 1099 2671 sermone
1119 2636 1273 2680 uulgari
1293 2645 1474 2678 uersum;
1500 2645 1612 2670 uersa
1638 2635 1862 2680 uiceper=

241 2694 288 2728 fr.
309 2693 397 2737 gall.
416 2703 500 2737 par.

313 2761 345 2783 2.
375 2749 413 2782 P.
441 2760 494 2782 12.
516 2749 559 2782 In
578 2748 676 2782 entia
696 2758 764 2792 pro
784 2768 829 2772 —-
847 2747 949 2782 antia
966 2748 1090 2792 posito
1109 2748 1209 2782 nihil
1226 2748 1333 2782 aliud
1353 2748 1486 2783 uidere
1504 2748 1625 2784 uelim
1646 2758 1767 2793 quam
1787 2750 1864 2782 ter·

241 2804 467 2838 minationis
492 2806 774 2839 confusionem.
803 2803 996 2838 Paleniina
1023 2805 1152 2838 ciuitas
1181 2805 1348 2838 occurrit
1374 2805 1473 2838 mihi
1500 2805 1645 2848 legenti
1670 2815 1731 2848 ap.
1765 2804 1860 2838 Idat.

241 2861 328 2895 Chr.
351 2860 488 2903 Migne.
511 2862 550 2894 P.
574 2862 613 2893 L.
638 2861 692 2905 74,
716 2859 858 2905 737-38.
882 2860 1062 2894 Ceterum
1082 2860 1121 2893 in
1142 2860 1264 2894 hilara
1283 2872 1304 2895 a
1323 2861 1423 2895 cadit
1441 2863 1526 2905 post
1546 2863 1765 2896 accentum.

313 2916 345 2950 3.
374 2919 425 2950 La
446 2916 575 2960 langue
592 2916 652 2949 des
672 2916 905 2959 inscriptions
926 2916 1054 2950 latines
1072 2917 1115 2950 cle
1135 2916 1169 2950 la
1188 2916 1312 2958 Gaale,
1335 2927 1373 2961 p.
1396 2928 1428 2950 2.

312 2973 345 3011 [ι.
375 2972 538 3015 Carnoy,
562 2971 624 3013 333
644 2971 918 3005 calciamentum
937 2972 1080 3015 legitur
1098 2974 1137 3008 C.
1158 2973 1185 3006 I.
1206 2975 1247 3006 L.
1268 2973 1312 3014 ΙΙ,
1335 2973 1485 3017 δυρρ1.,
1508 2972 1615 3006 5181.

314 3028 347 3062 5.
377 3028 433 3062 Cf.
456 3028 710 3070 Schuchardt,
736 3027 973 3069 t'olcalisnzus,
998 3029 1042 3070 ΙΙ,
1064 3028 1122 3062 68.

311 3084 345 3118 6.
376 3085 412 3120 Ρ.
436 3084 551 3118 33-35.
579 3084 686 3119 Teste
704 3084 817 3119 docto
843 3084 929 3119 niro
948 3084 1099 3128 Carnoy
1117 3085 1157 3119 in
1176 3085 1249 3120 hoc
1267 3085 1470 3121 efficiendo
1489 3085 1619 3121 celtica
1639 3085 1702 3120 uel
1720 3084 1859 3119 iberica

240 3141 374 3184 lingua
394 3141 570 3175 multum
589 3141 727 3175 ualuit.
