2075 3585
230 238 269 262 ΥΙ
446 236 499 261 DE
534 235 782 261 LATINlTATF.
816 232 1204 260 PEREGRINATIONIS
1239 234 1294 259 AD
1327 232 1436 259 LOCA
1472 233 1633 260 SANCTA

297 344 319 372 ))
348 328 450 371 Iam
486 342 603 372 uero
630 326 762 370 haud
788 326 960 370 inutile
986 325 1188 369 forsitan
1218 326 1278 369 sit,
1302 341 1427 385 opus
1453 325 1620 370 omnia
1645 341 1769 385 quae
1793 326 1853 372 de

233 410 411 454 Siluiae
453 423 680 453 sermone
721 408 901 468 scripta
944 413 1058 452 sunt
1098 407 1149 450 in
1197 423 1356 451 unum
1396 422 1660 467 congerere
1707 414 1754 453 et
1801 409 1852 452 in

230 493 419 553 optimo
440 492 658 552 quidque
684 491 871 535 lumine
892 491 1144 537 collocare.
1168 490 1330 534 Altera
1348 490 1496 535 etiam
1512 496 1583 535 est
1603 506 1747 536 causa
1768 507 1854 536 cur

232 574 557 635 sagacissimis
609 573 919 634 superiorum
963 572 1389 633 disquisitionibus
1423 573 1483 617 ab
1524 573 1716 633 incepto
1752 589 1852 619 non

232 642 453 702 remotus
480 657 573 701 sim
604 672 612 700 :
645 656 696 699 fit
732 655 863 699 enini
900 655 1157 715 aliquoties
1188 660 1241 699 ut
1275 654 1690 714 prudentissimus
1727 656 1855 716 quis-

233 756 326 801 que
352 740 512 799 aliqua
539 727 822 799 praetereat,
852 744 895 782 et
927 754 974 782 re
1002 753 1117 782 uera
1143 730 1402 797 quaedam,
1432 753 1539 782 rara
1573 738 1775 797 quidem
1809 744 1853 782 et
1874 782 1885 786 a

233 823 524 883 plerumque
550 837 700 882 parua
727 822 895 869 fateor,
926 836 1049 881 quae
1074 826 1259 865 ceteros
1284 820 1511 880 fugerant
1536 820 1640 880 ipse
1666 821 1857 867 anima-

233 905 410 950 duerti.
435 922 458 949 )‘›

299 988 383 1033 His
415 987 577 1032 uerbis
608 986 811 1031 forsitan
848 986 1114 1031 recorderis
1149 1001 1226 1031 me
1257 1001 1407 1030 usum
1439 1001 1561 1037 esse,
1598 986 1719 1030 dum
1745 993 1858 1032 ante

234 1077 329 1116 tres
378 1086 534 1115 annos
580 1070 674 1114 hoc
721 1086 846 1129 opus
893 1070 991 1113 iarn
1040 1068 1318 1113 confectum
1369 1068 1457 1113 tibi
1503 1068 1721 1114 dicatum
1755 1085 1859 1115 esse

234 1154 387 1198 uolui.
434 1153 570 1197 Nunc
612 1157 775 1197 autem
818 1166 948 1196 noua
989 1157 1035 1195 et
1076 1151 1275 1210 grauior
1316 1156 1388 1196 est
1434 1166 1578 1196 causa
1627 1167 1714 1196 cur
1755 1168 1858 1198 rem

234 1238 413 1281 iterum
454 1235 728 1295 aggrediar.
775 1235 907 1278 Dum
959 1234 1090 1278 enim
1141 1249 1272 1278 nouo
1329 1234 1463 1294 operi
1508 1233 1621 1279 totis
1669 1233 1859 1278 uiribus

234 1318 487 1367 incumbo,
510 1317 754 1376 Aquitana
779 1316 949 1367 Siluia,
974 1316 1177 1361 nomine
1197 1322 1242 1361 et
1264 1316 1421 1376 patria
1433 1321 1639 1367 mutata,
1664 1316 1858 1361 Etheria

236 1401 455 1446 Gallaeea
481 1400 603 1445 sacta
629 1405 716 1445 est.

301 1483 598 1528 Doctissimo
640 1482 772 1528 enim
822 1482 929 1527 uiro
968 1482 1223 1527 Ferotino¹
1261 1496 1408 1542 opera
1443 1481 1638 1526 obscuri
1673 1481 1860 1527 abbatis

236 1567 413 1612 Valerii
439 1567 543 1627 (ηι0
572 1566 785 1625 saeculo)
825 1565 1074 1610 euoluenti
1115 1565 1324 1625 contigit
1354 1580 1537 1609 nomen
1572 1570 1618 1610 et
1652 1565 1860 1626 patriam

238 1649 486 1709 scriptoris
519 1648 768 1707 indagare.
815 1647 968 1692 Cuius
1003 1646 1423 1697 conclusionibus,
1462 1646 1513 1690 in
1547 1646 1861 1707 ephemeride

236 1749 359 1794 quae
384 1732 546 1778 Reme
573 1731 659 1775 (les
696 1731 959 1785 ‹jzcestt'ons
987 1729 1319 1792 laisan-{quest
1353 1730 1587 1790 inscripta
1612 1735 1684 1775 est
1717 1745 1861 1791 expo-

238 1816 358 1866 sitis,
397 1815 530 1859 nulla
567 1830 670 1859 esse
706 1829 850 1858 causa
892 1813 1086 1858 uidetur
1115 1829 1203 1858 cur
1237 1828 1337 1858 non
1372 1813 1580 1858 omnino
1620 1812 1861 1858 adsentia-

238 1914 367 1943 mur.
407 1898 654 1958 Epistulae
691 1896 879 1940 abbatis
910 1896 1084 1941 Valerii
1120 1911 1221 1940 non
1259 1911 1337 1940 me
1372 1895 1499 1955 fugit
1534 1895 1727 1939 nullum
1762 1910 1862 1940 cer-

238 1987 346 2025 tum
370 1981 527 2024 inesse
553 1979 792 2024 indicium
818 1994 917 2038 quo
944 1979 1097 2038 patria
1125 1978 1347 2023 Etheriae
1379 1983 1540 2022 exacte
1572 1977 1858 2028 definiatur;

240 2064 323 2109 sed
349 2063 640 2108 Gallaeciam
666 2077 774 2107 eam
800 2077 903 2107 esse
929 2062 1067 2106 omni
1092 2061 1242 2106 modo
1268 2061 1370 2106 ueri
1399 2060 1556 2106 simile
1569 2065 1606 2108 3.

305 2147 507 2191 Constat
553 2146 684 2189 enim
731 2161 786 2190 ex
828 2145 986 2205 prima
1028 2144 1275 2205 Epistulae
1322 2149 1457 2204 parte
1505 2143 1754 2188 Etheriam
1802 2143 1862 2187 ab

243 2245 266 2272 ‹<
294 2228 524 2273 occiduae
549 2228 721 2288 plagae
755 2227 1058 2272 extremitate
1086 2242 1129 2277 )),
1172 2232 1225 2271 ut
1261 2225 1422 2270 uerbis
1458 2225 1726 2270 Valerianis
1761 2231 1863 2270 uta-

241 2328 371 2362 mur,
401 2311 460 2356 ad
486 2311 590 2355 loca
617 2316 781 2355 saneta
806 2325 909 2354 esse
934 2310 1219 2370 profectam,
1258 2309 1486 2368 idemque
1516 2314 1654 2369 parte
1688 2308 1862 2353 ultima

242 2394 580 2440 confirmatur.
640 2394 892 2451 Quatenus
952 2408 1084 2437 nune
1139 2391 1483 2452 disquisitione
1540 2391 1865 2450 grammatica

242 2493 365 2538 quae
390 2476 484 2521 alio
510 2475 659 2520 modo
686 2476 1021 2520 demonstrata
1048 2481 1159 2519 sunt
1188 2474 1569 2519 corroborentur
1594 2473 1688 2518 hoc
1719 2488 1864 2534 opere

242 2576 481 2621 exponere
507 2559 812 2605 conabimur.

310 2643 379 2687 De
423 2642 660 2687 Sermone
699 2657 723 2685 ((
762 2640 942 2685 Siluiae
974 2658 1017 2691 »,
1063 2655 1187 2700 quae
1231 2645 1345 2684 tunc
1383 2639 1650 2690 dicebatur,
1691 2639 1864 2684 doctus

243 2726 319 2770 uir
347 2722 690 2769 Americanus‘¹
717 2724 816 2768 iam
842 2728 954 2767 ante
980 2729 1075 2767 tres
1101 2738 1258 2767 annos
1284 2722 1540 2774 disseruit3
1570 2722 1650 2766 ille
1677 2727 1859 2773 autem,

320 2896 347 2917 1.
373 2883 476 2916 Idem
505 2883 601 2916 initii
625 2893 693 2926 per
718 2882 862 2915 litteras
889 2881 1145 2924 interroganti
1173 2880 1454 2914 humanissime
1480 2890 1707 2924 responsum
1735 2880 1864 2914 dedit:

244 2939 276 2972 ei
296 2948 452 2982 quoque
472 2938 610 2980 gratias
628 2937 774 2971 debitas
791 2947 876 2980 ago.

317 3006 348 3027 2.
380 2995 434 3027 (js.
457 2994 533 3027 Incl.
555 2994 639 3027 libr.

316 3050 349 3084 3.
376 3051 428 3083 De
447 3060 526 3092 quo
545 3050 719 3083 consulas
737 3050 855 3083 uelim
875 3049 1064 3094 scriptum
1083 3051 1119 3083 et
1138 3049 1290 3085 notulas
1311 3048 1492 3082 Ferotini.

318 3106 348 3144 4.
380 3106 544 3139 ssochtol.
565 3107 610 3138 rs.
634 3106 707 3139 [nd.
727 3106 809 3141 mr.
