2075 3585
1774 282 1791 292 ι-

746 296 952 326 SYNTAXIS
985 295 1223 324 VERBORVM
1742 294 1795 338 90

239 393 369 451 Quid
404 407 535 437 nunc
569 392 627 436 de
654 407 801 452 supra
838 390 1240 437 commemoratis
1271 390 1504 449 exemplis
1532 391 1727 442 senties,
1758 391 1797 437 si

176 471 263 516 tibi
288 471 338 515 in
364 475 582 515 mentem
607 469 798 514 uenerit
821 469 871 513 in
897 468 1148 529 hispanica
1174 468 1485 528 lusitanaque
1510 468 1680 528 lingua
1707 469 1801 514 for-

174 555 279 593 m‘as
305 564 330 593 a
355 547 508 592 latino
530 547 707 608 ficturo
735 556 912 591 exacto
939 545 1184 590 deriuatas
1209 544 1371 589 adhuc
1391 546 1605 589 exstare?
1624 546 1799 590 Nonne

172 625 225 669 in
251 625 345 670 hoc
371 640 465 670 usu
490 639 641 685 graue
665 623 948 685 hispanicae
978 622 1232 667 latinitatis
1262 621 1503 666 indicium
1535 636 1822 681 agnoscens

174 702 295 747 dum
311 704 328 746 1*
359 701 598 762 Equidem
633 716 899 762 agnoscere
932 699 1101 745 uelim.
1131 699 1203 744 De
1237 715 1287 744 re
1321 714 1435 744 cum
1472 699 1570 744 iam
1606 699 1720 744 Diez
1754 704 1801 744 et

176 779 368 824 DeliusI
410 778 730 839 scripsissent,
764 805 825 810 —
852 792 1067 838 quorum
1104 776 1240 837 prior
1270 778 1501 837 suturam
1542 786 1795 830 araceum,

177 856 297 901 alter
330 871 446 900 uero
483 855 858 899 coniunctiumn
888 854 1161 915 praeteriti
1193 852 1497 904 admittebat,
1533 881 1590 885 —
1617 852 1802 913 optime

177 933 351 978 doctus
372 932 450 977 uir
473 931 599 977 Foth
624 932 804 977 iterum
829 930 1058 976 disseruit
1073 947 1105 975 2.
1122 929 1190 975 Ex
1209 930 1348 975 cuius
1368 929 1801 990 disquisitionibus

175 1015 381 1062 constat,
399 1009 498 1054 iam
522 1009 573 1053 in
600 1008 801 1069 antiqua
824 1008 1077 1069 hispanica
1103 1008 1273 1068 lingua
1298 1007 1512 1068 primam
1541 1006 1802 1067 singularis

175 1101 439 1147 personam
481 1086 532 1130 in
575 1102 620 1137 0,
660 1101 859 1147 perraro
893 1086 944 1129 in
979 1102 1003 1130 e
1038 1084 1309 1130 terminari.
1348 1084 1404 1129 In
1438 1084 1601 1130 dacica
1632 1090 1802 1130 contra

174 1163 362 1223 lingua,
413 1162 463 1206 in
507 1178 603 1223 qua
650 1162 781 1207 idem
823 1168 1018 1223 tempus
1061 1167 1305 1222 superstes
1347 1167 1436 1212 est,
1483 1176 1595 1207 cum
1643 1160 1803 1222 prima

177 1240 442 1300 singularis
491 1255 701 1300 persona
740 1240 792 1285 in
835 1241 899 1284 im
950 1239 1242 1285 terminetur
1287 1238 1558 1299 (calc‘arim
1599 1263 1655 1278 :
1701 1237 1804 1282 cal—

178 1317 423 1369 camel-lm)
448 1333 642 1362 neeesse
666 1323 740 1362 est
764 1317 995 1363 admittas
1015 1332 1070 1362 ex
1098 1316 1417 1362 coniunctiuo
1443 1315 1689 1376 praeteriti
1710 1315 1804 1362 hoc

176 1398 373 1454 tempus
393 1409 496 1439 esse
517 1394 839 1439 informatum
854 1402 887 1441 3.

251 1576 280 1597 1.
310 1564 453 1605 Delius,
482 1565 629 1606 Jahrb„
658 1565 726 1598 lx.
757 1575 843 1607 2203
874 1565 974 1606 Diez,
1005 1567 1168 1599 Gratum.
1198 1565 1264 1598 der
1291 1575 1382 1598 rom.
1414 1567 1513 1608 Spar..
1536 1564 1580 1604 ΙΙ,
1617 1563 1803 1608 172.2458;

178 1621 238 1661 ΙΙΙ,
270 1620 349 1654 331.

250 1690 280 1711 2.
303 1678 414 1719 Foth,
436 1677 499 1711 Die
523 1677 785 1722 Versehiebunqs
806 1678 868 1711 Ial.
889 1679 1065 1720 Tempora
1086 1677 1121 1711 in
1139 1678 1207 1711 den
1226 1688 1316 1711 rom.
1336 1675 1442 1720 Spr.,
1462 1676 1500 1709 in
1519 1679 1620 1711 Rom.
1640 1677 1802 1712 Studien.

180 1733 265 1767 llest
286 1732 377 1771 V111,
405 1744 442 1776 p.
471 1734 550 1766 280.
587 1734 693 1767 «Das
719 1733 961 1767 romanischc
986 1734 1155 1777 Tempus
1182 1734 1292 1767 siihrt
1316 1733 1385 1767 auf
1406 1733 1472 1766 das
1499 1732 1560 1766 lat.
1585 1732 1655 1774 sut.
1684 1734 1803 1766 est-act.

178 1790 324 1822 zuriick
342 1804 372 1822 ».

250 1845 282 1878 3.
313 1846 367 1879 (tf.
404 1847 697 1889 Meyer-Lt'ibke,
730 1849 854 1881 Grczm.
882 1847 943 1880 cles
968 1848 1008 1880 L.
1035 1849 1152 1887 Rom„
1182 1847 1226 1887 II⁷
1250 1853 1262 1885 ς
1282 1846 1368 1880 310:
1399 1861 1415 1877 «
1433 1846 1464 1880 le
1489 1847 1595 1890 futur·
1621 1843 1809 1880 αηίένίεαι·

179 1901 316 1935 latin».
363 1903 451 1935 «lin
484 1902 724 1936 Mittellatein
753 1902 821 1936 der
856 1903 1059 1936 (iebraueh
1095 1902 1224 1936 keines
1259 1903 1427 1947 Tempus
1462 1903 1591 1936 weiler
1626 1913 1695 1935 um
1729 1902 1807 1936 sich

179 1958 365 2001 gegriffvn
386 1959 451 1992 hat
470 1959 522 1992 als
540 1959 608 1992 der
627 1960 764 2001 geradc
779 1959 843 1992 des
858 1959 897 1992 in
914 1959 1014 1992 Rede
1029 1959 1256 1993 stellenden.
1270 1973 1285 1988 ι)
1305 1959 1431 2000 (Foth,
1447 1959 1511 1992 loc.
1528 1958 1641 2000 laud„
1657 1969 1694 2002 p.
1711 1957 1808 2002 283.)

251 2015 302 2048 Ex
323 2015 525 2058 hispanicis
544 2015 729 2059 exemplis
749 2016 839 2049 haec
858 2025 1129 2060 excerpamus:
1151 2016 1188 2048 Io
1207 2015 1361 2048 mienlro
1378 2016 1485 2059 fuero
1500 2014 1808 2058 vivo‚sarevues-

179 2072 235 2104 tro
260 2070 450 2109 nmmlado,
474 2071 593 2104 (ionz.
615 2072 662 2105 (le
691 2072 841 2112 Berceo,
863 2071 997 2112 Miluo„
1021 2071 1113 2115 5673
1142 2081 1210 2115 que
1241 2082 1294 2105 me
1321 2071 1423 2105 salva
1455 2071 1489 2105 lez
1520 2070 1631 2111 alma,
1661 2069 1806 2114 quando

170 2126 280 2169 suero
300 2126 476 2167 transmo,
499 2127 564 2167 id„
589 2127 623 2160 S.
647 2128 818 2170 Doining
840 2153 846 2167 ,
871 2128 961 2172 7583
986 2127 1096 2167 Foth,
1118 2137 1155 2171 p.
1180 2127 1260 2161 283.
