2075 3585
345 271 422 317 124
557 285 611 312 DE
646 285 897 312 ΙΛΤΙΝΙΤᾸΤΕ
928 285 1319 314 PEREGRleTIONIS
1353 287 1408 314 AD
1442 286 1551 314 Loci
1586 287 1745 314 SxNCTx

336 377 511 438 primis
550 392 664 422 cum
707 377 1130 438 inscriptionibus,
1181 378 1296 423 satis
1340 393 1611 439 congruere
1652 385 1698 423 et
1745 379 1961 439 quodam

336 454 486 499 modo
512 460 673 499 exacte
698 455 1053 515 pronuntiandi
1075 455 1313 501 rationem
1335 472 1430 516 qua
1449 455 1645 500 Etheria
1670 471 1756 500 usa
1776 456 1837 501 sit
1856 456 1962 501 red—

335 530 463 575 dere.
483 531 625 589 Quod
646 531 707 576 ad
733 531 928 591 singula
951 537 1151 593 spectat,
1177 532 1275 577 iam
1293 532 1585 577 adnotatum
1605 538 1676 577 est
1695 533 1960 578 litterulam

338 609 357 653 i
380 609 516 653 uocis
540 610 748 653 siricum
778 609 889 670 (pro
913 611 1129 654 sericum
1154 609 1378 671 scriptae)
1399 610 1450 654 in
1476 609 1604 670 hisp.
1634 611 1769 673 sirgo
1799 626 1962 671 super-

336 700 455 730 esse.
486 685 531 730 B
563 701 652 747 pro
687 702 715 730 ll
759 686 997 747 scriptum
1031 687 1079 730 in
1124 702 1223 747 quo
1257 687 1459 741 forsitan
1494 686 1682 731 facilius
1718 686 1959 731 indicium

335 762 617 823 hispanicae
640 763 895 809 latinitatis
923 763 1152 809 admittas
1184 764 1234 808 in
1261 764 1575 824 Apio-itate&
1605 779 1729 824 quae
1760 764 1955 815 dicitur,

334 840 618 901 saepissime
643 841 854 885 occurrit
880 856 968 885 nec
993 842 1053 885 ab
1079 841 1248 886 eadem
1275 840 1519 886 scribendi
1539 841 1636 900 (uel
1663 841 1826 901 potius
1853 856 1960 902 pro-

334 916 619 978 nuntiandi)
651 917 840 962 ratione
872 916 996 961 Galli
1023 917 1209 968 Italiue‚
1239 923 1292 962 ut
1327 917 1500 962 Pirson
1549 933 1706 978 nuper
1739 917 1960 962 animad—

333 993 477 1038 uertit
494 1004 525 1044 ³³,
571 993 950 1038 abhorruerunt.
992 992 1030 1038 S
1073 993 1221 1039 semel
1264 994 1481 1045 euanuit,
1530 1009 1644 1038 cum
1669 1009 1724 1038 ex
1764 993 1959 1039 duobus

333 1070 533 1130 reliquis
580 1070 814 1131 exemplis
861 1086 1037 1131 parum
1084 1071 1375 1116 concludere
1416 1071 1603 1116 liceat-3.
1649 1070 1748 1116 Hae
1794 1075 1958 1116 autem

330 1146 604 1191 litterarum
641 1147 941 1192 mutationes
974 1148 1221 1192 tenuiores
1257 1154 1302 1193 61
1336 1147 1542 1193 rariores
1575 1153 1689 1192 sunt
1719 1163 1869 1208 quam
1905 1154 1959 1193 ut

332 1238 387 1268 ex
411 1224 469 1269 iis
495 1224 680 1285 aliquid
706 1225 821 1270 certi
847 1225 1081 1285 consequi
1108 1226 1374 1286 possimus.

399 1300 450 1345 Si
486 1316 619 1347 nunc
652 1301 713 1347 ad
748 1302 1032 1353 nominum,
1070 1303 1446 1363 pronominum,
1481 1303 1748 1347 uerborum
1774 1302 1957 1348 formas

330 1379 632 1431 uenerimus,
656 1379 735 1424 hic
761 1395 958 1440 quoque
984 1395 1137 1440 pauca
1153 1381 1461 1441 apparebunt
1485 1396 1609 1441 quae
1635 1380 1818 1441 aliquid
1843 1395 1957 1425 uere

330 1456 525 1517 hispani
550 1457 858 1502 denuntient.
895 1458 1026 1516 Quid
1057 1458 1190 1502 enim
1230 1457 1549 1518 frequentius,
1579 1463 1629 1502 ut
1663 1457 1722 1503 de
1752 1456 1958 1502 declina—

329 1533 547 1578 tionibus
583 1539 776 1580 tantum
810 1535 1091 1596 loquamur,
1130 1550 1280 1595 quam
1316 1535 1579 1580 accusatiui
1610 1534 1812 1579 ablatiui
1841 1549 1957 1580 con-

329 1611 454 1656 fusio
497 1627 521 1656 e
562 1612 777 1657 confusis
809 1612 1239 1658 terminationibus
1282 1614 1415 1657 orta?
1457 1613 1559 1657 lam
1600 1627 1717 1657 uero
1761 1627 1862 1657 non
1904 1612 1955 1656 in

331 1687 565 1749 Hispania
592 1695 786 1734 tantum
813 1689 896 1735 sed
922 1690 1105 1750 ubique
1130 1707 1175 1733 m
1204 1689 1287 1734 illo
1313 1695 1533 1750 tempore
1568 1689 1875 1734 obmutuisse
1900 1704 1954 1734 ex

327 1766 668 1811 monumentis
703 1772 910 1812 constat.
957 1768 1027 1812 Ne
1054 1766 1279 1812 ablatiuis
1320 1767 1488 1811 tertiae
1531 1766 1871 1812 declinationis
1902 1766 1953 1811 in

327 1843 345 1886 z·
390 1843 663 1888 terminatis
694 1844 975 1895 offendaris,
1021 1844 1518 1889 commemorandum
1564 1859 1646 1888 eos
1686 1844 1736 1888 in
1778 1843 1953 1904 quauis

324 1920 526 1981 regione
568 1921 651 1965 ubi
700 1927 817 1966 tunc
867 1921 1017 1966 latine
1064 1921 1393 1982 loquebantur
1443 1921 1600 1966 fusius
1648 1936 1902 1966 occurrere
1915 1923 1947 1965 [¹.

325 1996 504 2043 Forma
529 2013 627 2043 una
655 1997 880 2061 uirgulta
905 1998 1220 2060 hispanicum
1245 1998 1324 2044 1161
1349 1998 1495 2043 etiam
1521 1998 1792 2043 asturicum
1812 1997 1952 2043 redo-

326 2075 422 2120 lere
449 2075 592 2121 nobis
626 2075 731 2121 uisa
758 2076 874 2121 est5.

389 2159 532 2217 Quod
572 2159 632 2204 ad
674 2160 971 2220 pronomina
1012 2160 1184 2205 attinet
1224 2159 1394 2204 formis
1439 2160 1529 2211 liii,
1577 2159 1675 2204 hiis
1721 2159 1953 2204 uidentur

326 2236 517 2296 «galli»
541 2237 801 2298 scriptores
819 2237 1050 2282 libentius
1069 2252 1219 2297 quam
1232 2237 1486 2282 ceteriuti:
1511 2236 1948 2297 uelutGregorius3

399 2427 428 2448 1.
462 2415 504 2447 K.
531 2414 630 2457 Sittl,
663 2425 720 2458 op.
751 2414 864 2455 1111111,
885 2426 922 2458 p.
945 2415 1010 2459 69:
1033 2428 1050 2445 α
1066 2414 1257 2448 erschcint
1281 2417 1306 2449 If*
1327 2415 1452 2448 durch
1471 2417 1500 2448 B
1519 2414 1559 2448 in
1582 2414 1864 2447 afrikanischen
1890 2414 1948 2448 In-

319 2471 503 2505 schristen
525 2472 824 2514 ungewijbnlich
844 2472 979 2515 haufig
996 2474 1144 2505 ersetzt.
1158 2485 1174 2501 »
1198 2472 1251 2504 (js.
1272 2472 1357 2505 ibid.
1377 2474 1517 2505 notum
1536 2471 1667 2504 locum
1686 2465 1765 2514 quo
1786 2470 1950 2504 Isidorus

319 2527 550 2570 hispalensis
566 2527 731 2560 declarat
752 2528 894 2561 formas
914 2527 1092 2568 eminatas,
1116 2528 1190 2561 bita
1208 2528 1372 2561 omnino
1391 2537 1467 2561 esse
1482 2527 1702 2560 reiciendas.

391 2598 422 2620 2.
453 2588 519 2630 Op.
552 2586 665 2627 1111111,
693 2598 730 2630 p.
759 2587 823 2629 633
845 2588 890 2620 cf.
919 2586 1005 2621 ibid.
1034 2587 1158 2620 multa
1186 2587 1361 2630 exempla
1385 2587 1532 2620 litterae
1559 2587 1579 2619 b
1598 2596 1667 2629 pro
1695 2597 1715 2620 11
1740 2585 1882 2630 positae
1908 2588 1945 2620 et

318 2652 428 2677 uersa
447 2643 543 2676 uice.

389 2701 421 2735 3.
453 2702 507 2737 Cf.
553 2712 682 2745 supra,
719 2713 755 2745 p.
806 2703 857 2736 15.
893 2703 1000 2737 Idem
1041 2704 1080 2736 in
1111 2703 1231 2737 Gallia
1255 2704 1402 2737 sactum
1433 2706 1504 2741 est:
1539 2703 1586 2736 cf.
1620 2702 1794 2736 tabulam
1823 2711 1944 2745 quam

317 2759 450 2793 Pirson
481 2759 716 2802 sagacissime
740 2760 915 2800 confecit,
942 2770 998 2803 op.
1035 2760 1147 2801 1111111,
1177 2771 1213 2803 p.
1248 2759 1332 2793 103:
1363 2773 1380 2790 «
1405 2760 1452 2793 Le
1480 2759 1644 2793 nombre
1675 2759 1739 2792 des
1769 2757 1946 2801 graphies

317 2825 402 2848 sans
429 2826 444 2848 s
473 2817 510 2848 et
536 2825 620 2848 sans
649 2817 659 2848 1
684 2815 778 2849 n'est
799 2816 1019 2850 nullement
1038 2815 1223 2850 inferieur
1241 2815 1259 2849 a
1279 2816 1377 2850 celui
1396 2816 1460 2849 des
1478 2818 1605 2849 autres
1625 2815 1834 2859 provinces,
1857 2816 1894 2847 ct
1917 2813 1943 2847 11

318 2871 453 2904 saudra
471 2881 607 2905 encore
627 2882 813 2905 renoncer
831 2871 850 2905 a
870 2874 1024 2906 trouver
1041 2883 1107 2906 sur
1124 2883 1164 2906 cc
1183 2873 1293 2916 point
1312 2882 1389 2906 une
1407 2870 1613 2905 difference
1632 2871 1761 2904 locale.
1782 2884 1798 2901 »

389 2931 421 2968 Δ.
453 2930 507 2963 Cf.
531 2930 675 2969 Pirson,
698 2941 755 2974 op.
776 2931 888 2972 laud„
910 2942 947 2974 p.
976 2942 1057 2970 1213
1079 2933 1192 2972 Neue,
1211 2931 1481 2971 Formenlehre,
1505 2931 1549 2970 ΙΙ,
1570 2942 1607 2973 p.
1634 2930 1696 2974 139
1716 2940 1798 2973 sqq.

388 2990 420 3022 5.
451 2990 630 3023 Formam
657 3000 766 3033 corpo
786 3000 856 3033 pro
882 3000 1035 3033 corpore
1054 2992 1114 3034 (cs.
1143 2994 1285 3034 supra),
1307 2992 1384 3024 iam
1409 2990 1647 3033 hispanicam
1666 2999 1743 3022 esse
1761 2988 1944 3021 omnibus

319 3048 641 3085 consentaneunn
669 3046 732 3079 sed
753 3047 888 3079 utrum
910 3047 1049 3080 menda
1068 3047 1115 3081 ab
1137 3047 1286 3081 Etheria
1306 3057 1354 3081 an
1373 3056 1393 3080 a
1412 3046 1567 3079 librario
1585 3046 1632 3079 sit
1649 3044 1812 3079 admissa
1830 3044 1943 3087 plane

318 3101 524 3134 incertum.

390 3160 421 3192 ι’).
454 3161 615 3197 Bonnct.
638 3171 694 3204 op.
718 3160 830 3194 laud..
852 3171 888 3204 p.
910 3160 990 3205 387.
