2075 3585
879 288 1118 316 CONCLvsio
1730 286 1744 312 1
1756 272 1808 313 25

187 390 234 430 et
275 384 638 445 Fredegariusn
671 382 766 428 Sed
800 381 928 443 apud
958 380 1274 441 hispanicum
1301 379 1589 440 scriptorem
1616 378 1809 424 Priscil-

188 461 398 506 lianum2
429 461 599 506 eadem
625 461 780 506 forma
800 458 972 504 nouies
996 457 1193 518 legitur.

254 539 308 583 In
333 538 495 584 uerbis
520 539 612 583 hae
642 538 828 582 formae
854 536 903 580 in
931 535 1104 597 primis
1136 534 1395 579 offendunt
1428 547 1552 593 quae
1585 548 1674 593 pro
1699 543 1810 576 —wzt

189 615 239 660 in
284 627 388 660 -ent
442 621 634 661 exeunt.
687 615 792 672 Qua
843 613 893 657 in
935 611 1225 658 confusione
1255 610 1496 656 indicium
1530 609 1812 671 hispanicae

187 692 440 738 latinitatis
465 692 692 753 equidem
717 690 948 736 libentius
973 688 1200 734 uiderim.

255 770 308 813 ln
334 769 588 815 uocabulis
615 767 940 813 informandis
966 766 1062 811 fere
1098 765 1233 810 nulla
1258 764 1439 826 quibus
1474 763 1660 825 aliquid
1685 769 1812 809 certe

189 847 431 908 hispanici
477 847 657 892 inesset
703 844 1100 891 subnotauimus.
1155 843 1286 901 Quin
1333 842 1490 888 immo
1542 840 1680 887 —ulus
1723 857 1812 902 pro

187 923 356 975 -ellus‚
386 940 509 985 quae
535 924 694 969 forma
721 923 770 967 in
797 921 1015 967 romanis
1036 920 1220 981 linguis
1248 919 1504 980 superfuit,
1534 918 1695 979 priore
1714 918 1812 964 fere

187 1001 394 1046 omnino
420 1001 614 1051 amissa,
640 999 942 1060 frequentius
970 997 1196 1043 occurrit.
1224 996 1432 1042 Suffixas
1460 996 1644 1041 litteras
1670 997 1812 1040 -imcs

188 1078 236 1121 in
268 1077 506 1123 hodierna
537 1077 747 1122 asturica
781 1076 986 1120 dialecto
1018 1074 1151 1119 haud
1184 1089 1316 1119 raras
1347 1088 1451 1118 esse
1482 1077 1693 1123 constat,
1731 1071 1813 1117 sed

188 1170 295 1200 raro
321 1154 563 1200 eiusmodi
590 1152 842 1199 uocabulis
867 1151 1064 1197 Etheria
1088 1167 1177 1197 usa
1201 1157 1290 1197 est.

254 1232 306 1276 In
333 1231 682 1293 comparatiuis
708 1229 1034 1275 informandis
1053 1243 1312 1289 nunquam
1337 1228 1499 1292 magis
1519 1231 1814 1288 usurpatum

187 1318 280 1357 est:
325 1311 458 1372 quod
505 1311 798 1370 frequenter,
833 1310 887 1353 ut
917 1307 1231 1369 hispanicum
1257 1322 1404 1352 usum
1440 1305 1810 1367 praenuntians,

187 1389 319 1434 haud
344 1387 594 1433 immerito
619 1391 880 1448 exspectes.

250 1466 307 1510 In
333 1464 557 1526 Syntaoei
579 1479 777 1525 quoque
802 1478 956 1524 pauca
988 1477 1241 1524 excerpere
1261 1461 1400 1507 licuit
1419 1475 1543 1522 quae
1570 1460 1630 1505 ad
1656 1459 1815 1521 hispa-

186 1543 347 1588 nicam
382 1542 677 1588 latinitatem
713 1540 958 1602 pertinere
996 1540 1307 1592 uiderentur3
1337 1538 1460 1600 quin
1492 1538 1647 1582 immo
1691 1536 1815 1581 nihil

186 1621 235 1665 in
272 1621 460 1681 syntaxi
495 1619 786 1670 norninum3
823 1618 964 1679 plura
995 1617 1198 1678 quidem
1229 1616 1281 1662 in
1317 1615 1676 1677 pronominum
1709 1630 1817 1675 syn-

186 1698 282 1743 taxi
324 1712 577 1743 occurrere
612 1696 767 1747 dicas;
798 1695 881 1741 sed
924 1694 1191 1741 recorderis
1230 1693 1384 1739 uelim
1425 1692 1688 1754 aliquanti
1725 1707 1814 1752 pro

185 1773 381 1835 aliquot
428 1774 478 1817 in
526 1772 759 1817 omnibus
807 1771 903 1816 fere
960 1771 1264 1832 regionibus,
1313 1770 1589 1815 intereunte
1640 1767 1813 1828 lingua

183 1853 349 1904 latina,
381 1852 527 1897 fuisse
561 1855 875 1912 usurpatum,
906 1865 1064 1911 neque
1089 1849 1140 1893 in
1168 1865 1262 1895 usu
1295 1847 1653 1909 pronominum
1688 1847 1811 1908 ipse,

186 1931 294 1982 iste,
318 1929 561 1975 ueletiam
581 1945 720 1979 mus,
746 1927 1013 1988 quicquam
1038 1926 1249 1972 inueniri
1274 1925 1409 1987 quod
1433 1930 1565 1971 certo
1593 1922 1813 1985 hispani-

185 2023 298 2053 cum
323 2023 426 2052 esse
451 2007 682 2051 affirmes.

251 2085 399 2130 Multa
449 2100 646 2145 quoque
688 2083 737 2127 in
784 2077 972 2143 syntaxi
1014 2081 1283 2126 uerborum
1331 2096 1455 2142 quae
1503 2077 1815 2140 hispanicam

185 2161 528 2223 praenuntiare
572 2160 795 2221 linguam
839 2159 1028 2204 facilius
1071 2158 1238 2204 credas
1269 2157 1557 2203 communia
1597 2155 1816 2202 romanis

185 2255 288 2284 esse
334 2238 518 2299 linguis
565 2236 1038 2282 demonstrauimus.
1090 2236 1146 2280 In
1198 2234 1361 2280 uerbis
1417 2245 1568 2287 stare,
1622 2232 1811 2285 sedere,

186 2326 365 2368 lenes-e,
398 2313 681 2375 saepissime
708 2311 973 2373 usurpatis,
1004 2311 1129 2357 sicut
1153 2310 1204 2355 in
1238 2310 1536 2372 pronomine
1571 2326 1622 2354 se
1654 2308 1817 2354 uerbis

186 2392 462 2454 postposito
488 2390 671 2452 aliquid
693 2390 935 2451 peculiare
955 2388 1187 2434 libentius
1213 2387 1521 2437 admiserim:
1545 2387 1663 2432 item
1684 2385 1817 2447 quod

185 2471 246 2516 ad
274 2487 418 2517 usum
442 2470 611 2531 [icturi
636 2470 809 2513 euracli
833 2473 1030 2529 spectat.

253 2547 441 2593 Deinde
486 2546 536 2591 in
576 2545 939 2607 praepositione
967 2548 1111 2588 cata3
1146 2549 1193 2589 et
1234 2543 1284 2588 in
1327 2541 1677 2588 coniunctione
1717 2557 1819 2603 qua

189 2624 381 2685 saepius
415 2623 573 2684 posita
607 2622 782 2667 certius
817 2637 919 2667 esse
960 2620 1200 2666 indicium
1241 2619 1524 2681 hispanicae
1565 2617 1818 2663 latinitatis

188 2717 336 2747 nemo
363 2706 435 2746 est
460 2700 545 2761 qui
571 2699 746 2745 merito
773 2704 932 2760 neget.

266 2896 293 2918 1.
324 2885 378 2918 (js.
399 2883 573 2928 exempla
592 2893 691 2927 qnae
711 2882 960 2926 protulimus,
983 2884 1067 2917 Rev.
1089 2880 1187 2915 Phil.
1205 2880 1275 2924 ΓΛ,
1300 2891 1399 2925 1900,
1422 2890 1458 2923 p.
1480 2879 1513 2912 5.

264 2955 294 2975 2.
325 2942 380 2974 (Is.
401 2944 441 2975 Α.
463 2943 503 2974 L.
523 2942 579 2980 J„,
603 2940 662 2980 ΙΙΙ,
686 2950 721 2983 p.
744 2938 825 2973 316.

262 2998 294 3031 3.
324 2999 411 3032 Cala
426 2997 542 3031 etiam
560 2996 599 3029 in
620 2994 861 3039 prouinciali,
882 3004 981 3037 quae
998 2994 1264 3036 nuncupatur,
1286 2992 1420 3035 lingua
1439 3000 1633 3035 superesse
1660 2990 1817 3024 adnota—

193 3055 336 3088 uiinus.
358 3055 453 3087 Item
472 3053 578 3097 quod
595 3052 641 3085 ad
662 3051 849 3085 nonnulla
866 3050 936 3083 alia
956 3049 1141 3083 uocabula
1160 3049 1310 3082 attinet.
1334 3048 1404 3082 Sed
1424 3048 1548 3081 inulta
1571 3046 1728 3089 utrique
1744 3045 1818 3079 lin<

193 3122 300 3153 guae,
325 3109 552 3154 prouinciali
570 3111 607 3142 ct
626 3107 853 3151 hispanicae,
874 3117 950 3140 esse
979 3106 1205 3139 communia
1222 3105 1300 3139 iam
1324 3104 1405 3146 diu,
1428 3104 1469 3138 iis
1488 3103 1649 3148 quidem
1669 3102 1739 3146 qui
1758 3101 1817 3135 his

191 3168 335 3210 linguis
353 3165 552 3200 studendis
570 3175 726 3210 operam
745 3163 951 3204 dederunt,
973 3164 1234 3207 compertum.
