2075 3585
750 690 1294 762 PROOEMIUM

267 1328 546 1387 Antequam
573 1326 633 1372 de
658 1326 868 1387 singulis
897 1325 1248 1386 disceptamus,
1280 1338 1380 1368 non
1408 1336 1829 1382 superuacaneum

201 1409 271 1448 est
306 1403 403 1448 iam
437 1403 657 1464 profiteri
689 1420 784 1464 qua
820 1408 983 1447 mente
1024 1418 1128 1447 rein
1164 1399 1446 1461 aggressuri
1487 1398 1658 1445 simus.
1712 1398 1830 1443 Eam

204 1480 339 1525 enim
367 1481 570 1525 maximi
595 1496 699 1525 esse
726 1479 967 1525 momenti
999 1479 1251 1529 omnibus,
1281 1492 1396 1522 cum
1429 1476 1486 1521 iis
1512 1475 1597 1536 qui
1630 1475 1829 1536 linguae

200 1557 397 1610 latinae,
431 1564 537 1603 tum
562 1558 619 1603 iis
659 1557 744 1619 qui
777 1556 1014 1607 romanis,
1056 1571 1180 1616 quae
1214 1555 1463 1605 dicuntur,
1504 1552 1687 1613 linguis
1731 1558 1832 1597 stu—

200 1636 318 1681 dent
351 1637 465 1682 satis
491 1642 563 1682 est
594 1642 1001 1682 consentaneum.
1032 1635 1110 1679 Nil
1136 1635 1321 1678 mirum
1349 1648 1466 1693 ergo
1488 1646 1578 1677 nos
1599 1631 1658 1676 ad
1677 1637 1832 1676 utros-

200 1729 295 1773 que
345 1720 578 1774 speetare,
631 1714 753 1758 dum
802 1712 996 1773 singula
1043 1726 1167 1772 quae
1226 1709 1479 1755 notatione
1526 1708 1676 1768 digna
1729 1724 1832 1753 esse

200 1789 462 1835 uideantur
496 1791 561 1835 ita
600 1791 648 1835 in
681 1790 902 1835 medium
936 1803 1174 1834 uocamus
1208 1793 1262 1832 ut
1297 1801 1420 1847 quae
1462 1801 1486 1830 a
1522 1791 1652 1831 recta
1682 1785 1833 1830 latine

201 1866 443 1911 scribendi
478 1867 666 1912 ratione
709 1866 1006 1911 abhorreant
1038 1871 1085 1910 et
1118 1880 1169 1909 ea
1207 1879 1331 1926 quae
1362 1862 1502 1924 quasi
1536 1861 1834 1907 incunabula

202 1958 521 1988 romanarum
569 1944 857 2004 linguarum
899 1942 1178 2003 significent
1226 1940 1373 1986 simul
1416 1939 1727 1984 adnotemus.
1757 1938 1834 1982 Fit

201 2020 335 2064 enim
369 2019 654 2081 aliquando,
698 2020 781 2065 sed
822 2035 923 2064 non
960 2034 1169 2079 semper,
1216 2023 1270 2062 ut
1297 2032 1420 2078 quae
1455 2016 1514 2061 al)
1550 2031 1645 2061 usu
1680 2015 1832 2059 latino

202 2095 499 2142 abhorreant
533 2096 703 2141 eadem
741 2097 1004 2157 explanent
1037 2110 1136 2155 quo
1178 2093 1328 2139 modo
1364 2093 1563 2153 linguae
1599 2106 1833 2137 romanae

204 2173 300 2218 sint
325 2173 631 2219 informatae.
662 2174 773 2218 Duo
799 2173 963 2234 itaque
983 2188 1087 2217 esse
1112 2170 1364 2232 proposita
1392 2175 1583 2215 constat
1606 2185 1614 2213 ε
1646 2174 1752 2214 tum
1773 2168 1833 2213 ad

203 2250 427 2312 linguam
461 2250 682 2302 latinam,
721 2256 767 2295 et
807 2250 858 2294 in
903 2249 1260 2295 uocabulorum
1294 2263 1387 2293 usu
1428 2247 1488 2292 ad
1534 2246 1668 2292 illam
1710 2261 1834 2307 quae

203 2328 545 2373 ecclesiastica1
574 2328 669 2373 dici
696 2327 834 2379 solet,
868 2333 973 2372 tum
992 2326 1052 2371 ad
1074 2341 1320 2376 romanas,
1350 2323 1657 2385 hispanicam
1677 2323 1835 2369 dicere

206 2405 379 2457 nolim,
410 2405 682 2451 noscendas
709 2420 838 2449 noua
863 2419 952 2465 pro
979 2409 1115 2464 parte
1139 2403 1343 2449 adferre.

270 2481 434 2526 Vnum
483 2481 703 2541 primum
750 2478 1250 2526 animaduertendum
1297 2494 1306 2522 :
1355 2476 1578 2522 libellum
1627 2475 1686 2521 de
1733 2492 1831 2536 quo

261 2663 288 2684 1.
318 2652 367 2685 Ne
384 2652 472 2696 quis
490 2652 657 2686 miretur
676 2661 738 2685 me
756 2651 941 2695 pleraque
959 2650 1135 2692 exempla
1155 2658 1233 2682 non
1256 2647 1374 2681 modo
1393 2647 1440 2681 ab
1460 2647 1666 2691 hispanicis
1682 2646 1837 2690 scripto—

210 2707 327 2748 ribus,
349 2708 413 2741 scd
433 2708 549 2741 etiam
570 2718 589 2741 a
618 2708 726 2750 gallis
755 2707 983 2750 sumpsisse3
1004 2706 1105 2739 duae
1132 2705 1224 2738 sunt
1251 2713 1385 2737 causae
1416 2714 1486 2737 cur
1522 2705 1709 2746 utrosque
1739 2702 1833 2736 scri-

210 2765 338 2806 ptores
361 2763 509 2797 adrem
537 2763 810 2797 illustrandam
837 2762 879 2796 in
908 2761 1084 2796 medium
1118 2759 1341 2794 uocauerim
1365 2770 1371 2792 z
1393 2759 1569 2803 primum
1589 2759 1708 2803 quod,
1739 2758 1835 2791 (luni

212 2819 362 2860 Siluiae,
384 2830 483 2863 quae
502 2820 608 2863 prius
634 2819 847 2859 dicebatur,
876 2828 1098 2853 sermonem
1117 2827 1209 2851 cum
1234 2825 1413 2850 sermone
1437 2815 1672 2858 scriptorum
1700 2814 1768 2858 qui
1798 2814 1835 2846 in

213 2876 334 2909 Gallia
357 2876 436 2909 nati
457 2878 550 2909 sunt
566 2876 735 2916 confero,
760 2874 885 2909 multa
909 2874 1016 2908 exiis
1043 2872 1226 2916 excerpsi,
1250 2871 1289 2904 in
1318 2871 1604 2905 uocabulorum
1632 2881 1703 2904 usu
1732 2880 1835 2914 prac-

211 2931 334 2974 cipue,
356 2942 455 2975 quae
473 2932 519 2965 ad
540 2942 621 2966 rem
652 2931 784 2975 magni
802 2940 879 2965 esse
896 2929 1088 2964 momenti
1115 2931 1152 2963 et
1176 2938 1216 2962 ea
1242 2938 1322 2961 non
1350 2926 1567 2961 omittenda
1592 2925 1810 2960 existimaui
1828 2935 1834 2962 ;

213 2988 381 3021 alterum
402 2988 508 3033 quod
528 2998 571 3022 eo
591 2988 707 3021 modo
726 2987 864 3021 elarius
881 2985 1081 3031 apparebit
1109 2984 1234 3018 multa
1254 2993 1353 3027 quae
1376 2982 1572 3027 hispanica
1597 2992 1674 3016 esse
1699 2981 1838 3015 dixeris

215 3043 445 3078 domesticae
480 3054 639 3088 quoque
677 3043 845 3087 linguae,
878 3044 915 3077 et
945 3042 1181 3086 plerumque
1207 3039 1340 3075 ceteris
1370 3038 1539 3074 romanis
1570 3037 1727 3083 linguis,
1761 3048 1838 3071 csse

216 3110 455 3134 communia.
