2075 3585
214 296 286 327 XIV
429 294 484 324 DE
518 294 766 324 LATINITATE
800 293 1189 324 PEREGBINATIONIS
1221 297 1278 322 AD
1313 297 1422 323 LOCA
1457 294 1616 324 SANCTA

212 392 480 450 disceptare
498 396 744 435 tentamus
770 405 871 434 uno
899 395 1091 435 tantum
1108 388 1304 439 Codice,
1321 389 1460 434 cuius
1488 389 1700 435 maxima
1726 406 1838 451 pars

214 483 313 513 non
349 466 508 512 adhuc
544 473 732 527 reperta
766 472 854 518 est,
887 466 1144 517 contineri,
1183 466 1268 526 qui
1303 467 1494 511 saeculo
1529 478 1596 510 x1⁰
1623 465 1838 527 Scriptus

213 550 283 590 est
313 561 321 588 :
351 560 407 589 ex
431 559 529 604 quo
556 543 608 588 fit
638 549 691 588 ut
721 559 914 604 semper
941 543 999 588 sit
1020 543 1294 603 periculum
1315 558 1392 594 ne,
1415 543 1536 587 dum
1556 559 1836 589 sermonem

213 622 433 667 Etheriae
468 620 746 681 perpendis,
785 619 1061 665 barbariem
1096 619 1230 664 illam
1267 635 1363 680 qua
1399 620 1608 680 scriptor
1638 620 1837 681 linguae

212 698 390 743 latinae
418 696 659 758 politioris
692 696 826 741 rudis
854 696 1074 740 libellum
1107 695 1447 741 infuscauisset
1477 697 1716 756 reperias3
1752 697 1836 758 qui

214 775 362 819 timor
386 788 544 818 uanus
569 779 695 818 esset
727 773 765 817 si
790 773 953 833 plures
985 777 1229 817 exstarent
1261 772 1467 817 codices.
1499 773 1677 817 Mirum
1703 773 1837 818 enim
1881 782 1890 788 ⁸

213 852 470 897 mulierem
505 866 628 911 quac
664 862 725 894 ιν)
758 850 949 895 saeculo
983 855 1187 894 exeunte
1219 850 1427 910 scripsit,
1467 855 1512 894 et
1538 865 1608 901 ea,
1637 856 1691 895 ut
1716 850 1839 896 ueri-

214 929 371 974 simile
396 933 465 972 est
492 944 516 972 e
542 927 669 972 clara
695 927 877 971 familia
903 932 1016 971 orta>
1041 932 1130 977 est,
1166 932 1266 971 tam
1294 926 1533 987 impolite,
1565 942 1625 972 ne
1660 927 1838 972 rustice

214 1006 391 1056 dicam,
422 1004 688 1064 scripsisse.
721 1003 816 1048 Sed
842 1003 998 1048 multa
1025 1008 1137 1047 sunt
1163 1019 1287 1064 quae
1321 1018 1411 1048 nos
1437 1003 1497 1048 ab
1532 1004 1629 1048 hoc
1662 1003 1838 1049 timore

214 1086 499 1127 remoueant
540 1097 549 1125 :
589 1081 808 1141 primum
843 1080 975 1140 quod
1017 1080 1054 1124 si
1097 1080 1325 1140 scriptori
1364 1080 1504 1125 alicui
1558 1081 1737 1126 saeculi
1776 1084 1838 1125 xli

215 1160 264 1203 in
300 1158 466 1203 animo
499 1157 667 1202 suisset
698 1157 882 1217 aliquid
917 1157 964 1200 in
999 1157 1165 1201 libello
1189 1163 1396 1208 mutare,
1426 1157 1475 1201 id
1506 1157 1586 1202 ille
1610 1157 1675 1203 ita
1707 1158 1841 1203 fecis-

215 1241 283 1280 set
309 1240 363 1279 ut
388 1234 591 1278 barbara
627 1239 901 1278 remoueret
926 1239 972 1278 et
1004 1239 1178 1278 cuncta
1206 1233 1380 1288 poliret
1412 1250 1420 1278 :
1451 1233 1690 1279 habemus
1725 1249 1842 1279 con-

215 1312 406 1356 sstentes
432 1322 580 1355 reos¹.

280 1387 466 1432 Deinde
492 1388 530 1432 si
549 1387 608 1431 ad
631 1387 840 1432 scribam
856 1392 1051 1431 tantum
1078 1387 1328 1431 referenda
1354 1393 1512 1432 essent
1538 1403 1678 1447 quae,
1706 1387 1838 1432 verbi

216 1465 370 1525 gratia
399 1465 449 1508 in
474 1464 748 1508 litterarum
785 1463 1141 1508 mutationibus
1170 1463 1339 1524 magni
1368 1464 1609 1508 momenti
1635 1470 1766 1514 sunt,
1790 1464 1841 1508 in

215 1542 421 1587 eandem
456 1541 652 1601 culpam
689 1541 921 1586 incideret
957 1541 1090 1601 quod
1125 1541 1185 1585 ad
1222 1541 1447 1600 syntaxin
1482 1541 1559 1586 uel
1601 1541 1841 1586 uocabula

217 1619 426 1664 attinet:
471 1618 521 1662 in
573 1618 752 1678 quibus
794 1618 989 1662 Etheria
1030 1623 1225 1662 tantum
1273 1618 1332 1662 ab
1381 1634 1473 1662 usu
1516 1624 1646 1663 recto
1696 1618 1843 1663 distat

217 1700 459 1756 quantum
485 1694 536 1738 in
564 1694 827 1755 prioribus.

281 1772 563 1817 Barbariem
589 1788 685 1832 qua
720 1788 881 1817 sermo
917 1772 1186 1817 infuscatur
1210 1772 1461 1833 propriam
1487 1788 1590 1818 esse
1620 1773 1844 1818 Etheriae

219 1849 354 1894 nullo
380 1849 530 1894 modo
549 1849 896 1894 dubitandum.
922 1849 1082 1906 Quam
1109 1848 1147 1893 si
1169 1849 1335 1908 paucis
1355 1849 1592 1909 explicare
1611 1850 1840 1901 uelimus,

220 1927 334 1972 satis
361 1927 422 1971 sit
457 1942 846 1971 commemorare
872 1926 1139 1977 Asturiam,
1168 1926 1219 1970 in
1254 1942 1347 1987 qua
1381 1927 1499 1972 haec
1526 1934 1636 1972 nata
1669 1933 1758 1978 est,
1792 1928 1843 1972 in

221 2020 242 2045 «
271 2003 501 2049 occiduae
536 2004 706 2064 plagae
739 2003 1041 2049 extremitate
1070 2015 1139 2055 »³2,
1170 2009 1223 2048 ut
1259 2004 1422 2049 uerbis
1456 2004 1630 2059 §falerii
1656 2004 1844 2050 abbatis

218 2087 341 2132 utar,
382 2081 558 2142 posita,
588 2081 735 2141 longe
767 2097 792 2125 a
824 2081 994 2125 ceteris
1027 2080 1289 2140 Hispaniae
1319 2081 1609 2126 florentibus
1640 2081 1845 2127 urbibus

218 2158 411 2202 distare.
444 2157 707 2202 Recentius
728 2158 890 2218 itaque
910 2172 1059 2218 quam
1081 2163 1262 2202 ceteras
1283 2157 1546 2218 Hispaniae
1565 2159 1845 2218 prouincias

220 2235 433 2280 Romani
479 2250 588 2280 eam
639 2235 915 2286 coluerunt,
968 2250 1055 2279 nec
1104 2250 1325 2295 unquam
1369 2235 1410 2280 ei
1460 2235 1613 2280 defuit
1660 2235 1845 2296 aliquid

296 2394 322 2414 1.
355 2381 547 2424 liugenius
567 2382 610 2418 ΙΙ,
631 2381 830 2425 episcopus
847 2381 1065 2421 Toletanus,
1087 2391 1178 2414 cum
1198 2391 1335 2424 poema
1355 2382 1561 2422 Dracontii,
1583 2383 1689 2426 quod
1708 2383 1846 2417 Hexae—

221 2448 375 2471 merum
413 2437 646 2481 inscriptum
681 2439 749 2472 est.
783 2437 924 2477 ederet,
961 2437 1012 2477 id,
1042 2437 1200 2470 iubente
1231 2437 1391 2480 quidem
1426 2448 1511 2481 rege
1541 2438 1844 2480 Chindaswinto,

219 2493 396 2527 correxit.
418 2493 507 2526 Eius
526 2493 618 2527 haec
638 2495 730 2526 sunt
745 2493 864 2526 uerba
887 2504 893 2525 :
927 2506 943 2521 «
964 2493 1159 2526 Dracontii
1178 2493 1381 2526 cuiusdam
1396 2494 1544 2528 libellos
1560 2494 1694 2528 multis
1712 2494 1849 2529 uidens

220 2550 415 2584 erroribus
442 2549 656 2589 inuolutos,
691 2549 842 2583 Christo
874 2549 1044 2582 Domino
1079 2549 1277 2583 tribuente
1305 2549 1493 2591 ualorem,
1530 2561 1602 2593 pro
1632 2551 1850 2585 temeritate

221 2605 297 2639 mei
322 2605 464 2639 sensuli
483 2605 717 2638 subcorrexi.
740 2605 816 2638 Hoc
842 2604 1023 2638 uidelicet
1047 2604 1297 2638 moderamen
1318 2605 1523 2647 custodito,
1545 2616 1624 2650 quo
1652 2607 1849 2650 superflua

221 2661 430 2697 demerem,
467 2661 677 2704 semiplena
711 2661 946 2704 supplerffln,
984 2661 1100 2694 fracta
1137 2661 1423 2696 constabilirem
1452 2664 1489 2695 et
1519 2662 1652 2696 crebro
1688 2663 1850 2706 repetita

223 2719 431 2750 mutarem.
469 2716 651 2750 Versiculi
687 2726 787 2750 sane.
821 2726 918 2760 quos
951 2716 1042 2750 huic
1077 2716 1183 2760 operi
1219 2717 1476 2751 detrahendos
1512 2728 1590 2752 esse
1626 2718 1776 2761 putaui,
1812 2721 1851 2752 ct

223 2784 335 2806 sensu
360 2773 491 2817 tepidi,
519 2775 555 2806 et
574 2772 702 2806 uerbis
720 2772 866 2816 illepidi
885 2774 922 2806 et
942 2772 1050 2806 nulla
1068 2773 1287 2816 probantur
1305 2773 1452 2807 ratione
1470 2774 1636 2807 subnixi.
1656 2788 1672 2805 »
1693 2774 1847 2817 (Migne‚

223 2830 325 2862 Patr.
354 2829 448 2868 Lat„
483 2828 539 2872 87.
563 2829 628 2872 459
650 2829 690 2861 A.
724 2829 802 2861 lam
822 2830 902 2861 not.
926 2838 945 2861 a
973 2828 1086 2862 docto
1115 2828 1200 2861 uiro
1230 2828 1356 2862 libert.
1385 2829 1412 2870 I,
1441 2828 1540 2875 392.)
1559 2830 1738 2872 Quocum
1766 2829 1849 2864 loco

224 2884 344 2918 uelim
372 2885 542 2918 conseras
568 2884 698 2917 locum
726 2895 746 2917 a
766 2884 804 2917 P.
833 2884 992 2927 Geyerio
1022 2884 1232 2927 prolatum.
1264 2885 1361 2919 Haec
1387 2887 1480 2918 sunt
1507 2885 1725 2929 Reginonis,
1757 2885 1848 2919 Pru-

224 2940 366 2973 niensis
390 2939 537 2973 abbatis
557 2944 624 2973 (111⁰
652 2940 830 2983 saeculo),
860 2940 979 2973 uerba
1001 2951 1007 2972 2
1045 2954 1062 2970 «
1083 2940 1179 2974 Haec
1208 2950 1309 2983 quae
1338 2951 1454 2984 supra
1478 2951 1650 2985 expressa
1675 2942 1780 2981 sunt,
1809 2941 1850 2975 in

223 2996 395 3039 quodam
425 2996 555 3029 libello
580 2996 731 3040 repperi
764 2996 913 3038 plebeio
941 2998 978 3029 et
1006 2996 1202 3029 rusticano
1232 3006 1410 3030 sermone
1437 2997 1660 3041 composita,
1682 3006 1781 3040 quae
1807 3007 1852 3031 ex

225 3053 332 3094 parte
351 3051 397 3084 ad
415 3051 577 3084 latinam
593 3051 768 3094 regulam
786 3051 944 3087 correxi,
963 3051 1155 3094 quaedam
1172 3051 1287 3085 etiam
1311 3052 1439 3085 addidi
1455 3062 1553 3096 quae
1568 3062 1613 3086 ex
1632 3052 1853 3086 narratione

226 3106 424 3140 seniorum
443 3106 594 3139 audiui.
622 3123 638 3136 υ
661 3106 745 3150 (Ap.
771 3106 980 3149 Bellanger,
1002 3105 1039 3139 11'1
1058 3108 1138 3140 Ant.
1161 3107 1260 3140 Plac.
1282 3107 1529 3147 Itinerarium,
1551 3118 1587 3151 p.
1616 3107 1687 3151 16.)

299 3173 331 3195 2.
360 3164 478 3196 Revue
497 3162 557 3197 cles
576 3162 759 3207 questions
778 3162 1011 3207 historiques,
1025 3173 1115 3196 ann.
1140 3163 1335 3204 XXXVIII,
1357 3174 1395 3207 p.
1414 3163 1494 3197 380.
