2075 3585
238 269 292 310 90
451 268 507 295 DE
539 268 789 296 LATINITATE
821 268 1210 297 PEREGRINATIONIS
1244 270 1301 298 AD
1334 270 1444 298 LOCA
1477 270 1639 298 SANCTA

235 360 294 406 P.
325 360 403 413 L.‚
442 360 520 421 87,
559 361 649 412 453
684 362 746 413 Α;
793 360 1051 408 ὸεηεάιῖτίί
1087 378 1316 421 puerum,
1368 361 1625 409 benedt'oet't
1667 363 1849 418 oleam,

238 437 359 484 ibid.
389 438 450 490 B;
479 438 776 484 benedicens
799 438 974 491 Deam,
1009 438 1130 484 ibid,
1161 440 1215 485 B.

299 513 503 560 Fallere
529 530 677 576 super
705 516 922 577 aliquam
948 532 1070 569 rem,
1102 518 1179 570 54,
1211 518 1287 564 23.
1317 518 1391 566 Cf.
1424 534 1571 580 supra
1596 535 1645 581 p.
1678 521 1755 581 75.

301 590 493 638 Mererz'
515 594 566 638 ia
589 611 603 637 .·
636 592 836 656 dignati
865 604 982 638 sant
1006 611 1083 638 me
1103 596 1357 656 suscipere
1383 606 1428 640 et
1447 594 1655 659 alloqui,
1685 598 1736 642 in
1761 613 1860 659 quo

237 685 323 733 ego
351 686 450 714 non
475 668 717 719 merebar,
753 670 830 722 66,
865 672 939 723 14.

303 746 431 792 Haec
465 747 677 808 denique
710 749 931 810 exempla
971 748 1023 793 in
1063 749 1286 795 medium
1325 765 1503 796 uocare
1544 750 1700 808 liceat,
1737 766 1862 812 quae

237 824 505 869 uerborum
531 824 838 870 iunctionem
862 825 962 871 iam
987 842 1012 870 a
1038 826 1287 873 ueteribus
1313 827 1635 888 scriptoribus
1659 843 1863 890 usurpa-

236 906 337 946 tam
356 908 750 947 commemorent
775 902 1024 963 (redolere
1059 905 1429 965 antiquitatem,
1470 905 1608 950 uerbi
1643 905 1821 966 gratia)
1847 921 1857 951 :

227 994 323 1038 per
348 980 636 1024 mansiones
669 996 795 1041 qaas
828 997 1147 1034 ueneramus,
1180 981 1257 1042 69,
1296 983 1349 1034 4;
1390 981 1502 1026 loca
1529 998 1658 1043 qaae
1686 981 1863 1028 amba-

238 1054 486 1105 lattertmt,
522 1057 598 1107 50,
634 1059 716 1108 15;
749 1074 845 1119 per
872 1058 966 1103 iter
998 1057 1135 1119 qaod
1170 1060 1346 1107 ierant,
1391 1059 1468 1111 46,
1512 1059 1584 1104 13.
1619 1058 1692 1104 Cf.
1737 1058 1860 1121 (uia)

236 1148 389 1195 qaam
417 1133 677 1183 incederit,
709 1134 933 1180 ambulet
970 1137 1020 1180 in
1046 1152 1121 1189 ea,
1152 1135 1329 1187 Valer.‚
1358 1135 1416 1184 P.
1448 1134 1523 1185 L„
1558 1135 1636 1197 87,
1668 1136 1760 1187 430
1785 1137 1821 1181 Β
1847 1153 1856 1182 :

238 1210 376 1254 uiam
401 1210 643 1261 incedere,
679 1211 799 1256 ibid.
820 1222 850 1258 ¹.

361 1490 491 1548 CVM
525 1513 726 1559 QVIBVS
758 1513 1260 1549 CONIVNCTIONIBYS
1291 1514 1482 1549 VERBA
1512 1513 1738 1549 DICENDI

807 1632 1276 1668 CONSTRVANTVR.

307 1828 467 1886 Quod.
492 1859 547 1863 -
577 1830 721 1891 Apud
756 1836 941 1876 ueteres
974 1831 1253 1892 scriptores,
1293 1831 1330 1876 si
1375 1830 1639 1891 Draegerio
1673 1830 1858 1882 credas,

237 1909 340 1952 seio
361 1908 500 1970 quod
514 1909 610 1953 iam
632 1909 860 1953 occurrit.
878 1908 972 1966 Qui
991 1914 1103 1970 post
1120 1924 1319 1954 auream
1339 1914 1546 1954 aetatem
1563 1909 1864 1969 scripserunt

237 2000 350 2030 cum
391 1986 551 2045 magis
598 2001 651 2030 ac
693 1986 852 2046 magis
899 1986 950 2030 in
991 1986 1125 2031 hunc
1174 1986 1520 2031 soloecismum
1555 1985 1859 2037 cecidissent,

236 2062 517 2107 communis
544 2062 624 2107 hic
650 2078 768 2107 usus
794 2063 947 2108 factus
973 2069 1045 2108 est
1069 2069 1116 2108 et
1140 2064 1190 2107 in
1226 2063 1444 2109 romanis
1478 2063 1664 2124 linguis
1700 2078 1864 2124 super-

237 2144 325 2184 est.
376 2139 571 2185 Etheria
603 2155 721 2185 uero
756 2156 857 2185 non
892 2146 993 2185 tam
1029 2140 1233 2201 simplex
1266 2140 1404 2202 qaod
1437 2155 1589 2201 quam
1618 2139 1865 2200 composi-

236 2222 339 2261 tam
373 2217 585 2262 formam
620 2234 674 2262 eo
718 2216 856 2279 quod
887 2218 1047 2263 uerbis
1091 2217 1284 2262 dicendi
1324 2223 1408 2262 aut
1450 2217 1692 2262 sentiendi
1730 2222 1865 2278 post-

237 2294 418 2355 posuit.
448 2294 522 2338 Ad
555 2310 809 2339 summum
846 2295 979 2340 enim
1015 2294 1114 2340 duo
1155 2295 1375 2355 exempla
1411 2294 1646 2356 simplicis
1678 2294 1863 2339 formae

238 2370 376 2432 qaod
399 2377 687 2417 occurrunt:
719 2371 850 2417 uidit
875 2371 1013 2434 qaod
1037 2371 1352 2421 dimiserant,
1382 2373 1459 2433 49,
1494 2372 1576 2423 13;
1607 2371 1865 2416 inuenitur

239 2448 376 2509 qnod
410 2465 467 2492 ea
494 2448 601 2493 (lies-
628 2450 709 2502 sit,
746 2465 849 2502 loo,
887 2466 960 2494 11.
989 2452 1060 2496 Eo
1089 2448 1228 2510 qaod
1261 2448 1443 2494 sexies:
1475 2448 1551 2501 48,
1584 2465 1666 2509 273
1696 2448 1773 2500 58,
1804 2447 1860 2499 83

240 2525 317 2576 64,
353 2525 431 2577 13;
460 2525 651 2570 rettulit
679 2543 733 2570 eo
763 2525 915 2587 quod,
947 2527 1024 2587 49,
1062 2542 1140 2577 12;
1171 2524 1248 2577 63,
1279 2525 1363 2577 3Ι;
1393 2526 1487 2571 alio
1513 2525 1724 2586 denique
1754 2525 1863 2570 loco

233 2618 288 2646 eo
315 2602 452 2663 qaod
469 2603 615 2648 etiam
636 2619 750 2648 cum
771 2603 1019 2648 infinitiuo
1040 2608 1379 2648 constructum
1399 2603 1639 2648 inuenias.
1658 2602 1859 2663 Legitur

237 2679 369 2724 enim
396 2679 496 2739 (66,
533 2680 580 2741 6)
605 2697 613 2724 :
648 2697 670 2723 ι(
694 2681 775 2725 sed
802 2681 915 2742 quia
941 2680 1193 2725 audieram
1219 2695 1301 2725 eos
1332 2696 1387 2726 eo
1415 2680 1552 2742 qaod
1574 2685 1705 2725 extra
1730 2679 1862 2724 diem

239 2755 448 2816 paschae
482 2762 528 2801 et
559 2762 689 2801 extra
723 2757 853 2801 diem
888 2756 1031 2808 hanc,
1068 2772 1169 2801 non
1200 2772 1282 2802 eos
1324 2757 1618 2803 descendere
1651 2757 1710 2802 de
1743 2756 1863 2802 locis

241 2920 420 2964 Georges,
443 2922 521 2955 Lat.
544 2922 729 2956 slezztsehes
761 2922 1007 2964 winterbach,
1034 2933 1062 2956 s.
1084 2933 1122 2955 u.
1152 2924 1222 2966 Ap.
1241 2924 1384 2957 Anton.
1401 2923 1566 2957 Placent.
1586 2923 1634 2956 cs.
1652 2922 1864 2965 BeIIanger,

239 2988 297 3020 ορ.
319 2976 431 3018 laud„
453 2989 489 3021 p.
517 2989 592 3010 122.
616 2979 757 3012 Utrum
777 2989 821 3012 ex
841 2979 1014 3012 hebraica
1033 2978 1179 3021 lingua,
1196 2980 1241 3012 ut
1259 2979 1389 3013 asserit
1408 2979 1620 3022 Bellanger,
1649 2979 1749 3012 hanc
1778 2987 1866 3012 con-

238 3034 491 3067 structionem
522 3035 796 3068 mutuauerint
820 3035 1034 3078 scriptores,
1057 3035 1119 3068 alii
1147 3035 1341 3068 uiderint:
1364 3036 1428 3069 sed
1458 3036 1537 3079 ipse
1557 3035 1655 3068 illud
1676 3034 1867 3068 Petronia·

242 3100 341 3123 num
360 3102 367 3123 ε
389 3090 602 3124 maledicere
625 3091 924 3124 Trimalchionem
942 3091 983 3124 in
1002 3091 1181 3125 medium
1198 3092 1364 3135 protulit
1384 3091 1436 3135 (p.
1462 3093 1554 3136 122).

322 3158 350 3178 1.
382 3147 436 3179 (js.
459 3147 591 3180 onmia
610 3147 784 3191 exe111pla
802 3157 862 3191 ap.
886 3147 1050 3188 Bechtel,
1072 3158 1129 3190 ορ.
1152 3147 1264 3191 laud„
1284 3158 1322 3191 p.
1348 3158 1423 3193 107,
1447 3157 1480 3181 v.
