2075 3585
854 599 1146 654 CAPVT
1227 600 1297 653 II

342 1130 509 1185 Varia
540 1132 609 1185 de
641 1132 894 1197 mutatiS,
925 1131 1205 1200 confusis,
1236 1131 1555 1186 omissisue
1586 1132 1805 1186 litteriS.

326 1422 429 1467 Hoc
468 1422 576 1468 loco
617 1422 668 1466 in
705 1438 863 1467 unum
908 1422 968 1468 sit
1006 1422 1150 1467 uenia
1199 1422 1361 1482 aliqua
1413 1421 1712 1481 congerendi
1761 1437 1885 1482 quae

262 1498 423 1544 adhuc
450 1498 572 1544 nulli
597 1499 705 1544 loco
729 1499 875 1545 inseri
902 1515 1045 1560 posse
1068 1498 1477 1549 existimauimus,
1507 1503 1552 1543 et
1578 1504 1742 1543 tamen
1769 1514 1883 1543 cum

264 1575 540 1621 litterarum
580 1576 902 1637 explicatione
936 1577 1011 1622 uel
1046 1575 1404 1621 uariationibus
1440 1575 1658 1636 quodam
1681 1575 1883 1620 uinculo

259 1652 521 1699 coniuncta
546 1659 676 1700 sunt.
1833 1648 1842 1657 ’

324 1808 650 1853 ΟοΝεοΝΑΒΥΜ
687 1824 1004 1853 ASSIMILATIO.
1032 1835 1096 1842 —
1131 1808 1312 1853 Paulus
1342 1808 1495 1868 Geyer
1528 1807 1626 1852 iam
1662 1807 1883 1852 animad-

259 1884 407 1930 uertit
432 1885 650 1931 codicem
676 1886 935 1930 Aretinum
968 1885 1124 1930 multa
1162 1885 1435 1931 seruauisse
1471 1900 1595 1946 quae
1626 1900 1681 1929 ex
1717 1884 1883 1929 arche-

260 1968 375 2023 typo
400 1977 601 2008 manare
628 1962 879 2023 probabile
905 1968 993 2007 est.
1035 1962 1114 2008 Sic
1151 1978 1175 2007 «
1213 1963 1261 2007 in
1299 1962 1561 2023 archetypo
1595 1961 1881 2007 assimilatio

258 2054 592 2085 consonarum
618 2040 837 2100 neglecta
862 2055 964 2085 esse
990 2039 1221 2085 uidetur»
1243 2041 1276 2085 ¹.
1301 2040 1435 2098 Quae
1459 2039 1678 2100 exempla
1700 2038 1881 2084 Paulus

259 2116 412 2177 Geyer
452 2117 546 2161 hoc
587 2117 693 2162 loco
735 2116 898 2161 attulit
941 2117 1115 2162 referre
1156 2116 1298 2162 nobis
1344 2116 1542 2161 uidetur
1591 2131 1881 2176 superuaca-

261 2209 428 2245 neum,
441 2209 555 2239 cum
568 2193 644 2239 his
658 2193 776 2239 locis
792 2193 851 2239 de
864 2193 1219 2255 orthographia
1239 2199 1448 2244 tantum,
1469 2209 1569 2238 non
1585 2193 1643 2238 de
1659 2208 1881 2254 pronun-

259 2270 413 2315 tiandi
437 2270 626 2316 ratione
655 2276 873 2332 agatur2.
917 2271 1171 2316 Rariorem
1207 2270 1614 2316 assimilationem
1640 2270 1880 2316 litterulae

259 2347 285 2393 b
313 2347 406 2393 hoc
431 2348 653 2409 exemplo
678 2364 687 2393 :
717 2347 949 2412 Aggar-us
964 2346 1317 2412 prozlbgarus,
1339 2348 1415 2401 60,
1451 2364 1524 2408 17,
1549 2353 1661 2399 etc„
1685 2348 1799 2393 satis
1820 2347 1879 2392 sit

258 2440 689 2470 commemorasse.

330 2501 370 2547 T
387 2502 636 2563 sequentis
662 2519 684 2546 s
711 2502 883 2548 similis
909 2503 1032 2548 facta
1059 2507 1130 2547 est
1156 2502 1205 2546 in
1235 2500 1547 2551 Gessemani,
1578 2517 1667 2562 pro
1694 2501 1879 2546 letlzse-

261 2580 418 2631 mani,
447 2579 525 2630 86,
557 2595 632 2640 27,
661 2579 795 2640 quod
820 2580 899 2624 uix
924 2579 1176 2625 notatione
1201 2579 1402 2640 dignius
1428 2579 1643 2626 uidetur.

324 2731 635 2776 Pnos'rnssffis.
663 2757 728 2766 —
750 2730 776 2776 l
800 2736 911 2776 ante
935 2750 957 2775 s
983 2731 1116 2792 quod
1143 2731 1321 2776 (licitur
1341 2731 1596 2792 impurum
1622 2731 1703 2776 uix
1729 2730 1876 2776 semel

256 2809 467 2854 occurrit
496 2825 504 2853 :
535 2809 760 2869 scisma),
793 2809 870 2857 63.
907 2824 978 2868 17.
1011 2809 1105 2854 Sed
1139 2824 1276 2853 uersa
1310 2809 1415 2853 uice
1440 2808 1762 2853 Scariothes-'³
1790 2824 1877 2868 pro

253 2884 578 2936 l.s·car[‹›tlw.s·‚
641 2886 718 2935 85,
789 2887 858 2936 13..
923 2886 1017 2930 llas
1077 2886 1259 2930 formas
1318 2885 1566 2930 Etheriam
1627 2884 1878 2945 scripsisse

331 3056 359 3077 1.
381 3044 462 3078 ltin.
486 3044 643 3085 Hieros,
666 3044 840 3084 Praestat„
863 3054 899 3087 p.
921 3054 1012 3077 ix-x.

331 3113 361 3133 2.
384 3101 439 3133 Cf.
461 3103 632 3134 celerum
655 3099 818 3139 Bechtel,
841 3111 877 3143 p.
899 3100 1020 3133 80-81.

330 3156 362 3189 3.
394 3157 534 3190 Scariol
553 3157 591 3190 in
611 3157 688 3191 Lib.
710 3156 812 3197 orel„
832 3167 862 3189 c.
888 3156 966 3189 563.
