2075 3585
813 248 1071 281 PROOEMltM
1699 255 1756 282 XV

130 343 372 407 peculiare
413 361 512 406 quo
554 344 680 389 inter
722 351 903 390 ceteras
952 345 1371 404 distingueretur:
1413 346 1545 405 quod
1579 346 1756 391 clarius

131 427 377 482 appareat,
409 421 447 466 si
487 436 594 466 eam
630 437 745 466 cum
780 421 989 471 Baetica,
1026 426 1137 466 ante
1172 420 1426 466 Christum
1460 428 1631 466 natum
1660 422 1755 466 iarn

137 499 284 559 longe
302 514 328 543 a
354 498 593 543 Romanis
619 499 823 549 exculta,
854 498 1091 543 conferas.

195 575 260 620 Ea
279 580 351 620 est
370 574 617 619 barbaries
637 590 761 635 quae
780 590 894 620 cum
914 575 1136 619 barbarie
1155 574 1340 619 nullius
1362 575 1612 635 scriptoris
1635 575 1758 620 eius-

130 651 243 697 dem
268 652 504 712 temporis
530 651 802 712 comparari
828 651 1000 712 possit.
1033 651 1087 695 In
1122 651 1529 711 inscriptionibus
1562 657 1757 697 tantum

129 728 350 790 exempla
375 734 638 774 occurrunt
670 744 794 789 quae
819 744 933 773 cum
958 728 1128 773 multis
1163 728 1281 773 locis
1306 743 1330 772 e
1365 729 1758 789 peregrinatione

130 805 366 866 excerptis
399 806 619 851 conferre
653 805 809 850 liceat.
851 806 941 850 Eas
976 805 1129 865 igitur
1162 804 1421 865 praecipue
1454 805 1503 849 in
1538 805 1758 850 medium

131 897 234 928 esse
257 881 503 927 uocandas
528 882 697 943 liquet.
729 882 873 940 Quod
901 897 957 927 eo
992 882 1178 927 facilius
1204 882 1288 927 fiet
1312 882 1445 942 quod
1472 882 1756 943 nuperrime

137 959 309 1005 doct-us
357 959 434 1003 uir
482 959 675 1019 Carnoy
723 959 945 1004 libellum
995 974 1206 1019 magnae
1254 959 1556 1004 auctoritatis
1604 959 1664 1004 de
1710 975 1760 1004 re

133 1036 379 1096 digessit1.
419 1036 473 1080 Id
515 1052 673 1081 unum
714 1036 1114 1087 desiderandum,
1165 1036 1298 1097 quod
1340 1051 1440 1081 rem
1483 1051 1581 1081 non
1616 1035 1760 1081 latius

133 1113 340 1174 protulit
379 1118 426 1158 et
468 1113 691 1173 syntaxim
733 1113 881 1158 simul
924 1129 977 1158 ac
1025 1111 1266 1158 uocabula
1305 1118 1387 1157 aut
1428 1113 1640 1173 neglexit
1680 1119 1761 1158 aut

133 1189 402 1250 neglexisse
432 1190 670 1235 uidetur·³.
708 1192 938 1235 Attamen
973 1206 1029 1236 eo
1055 1190 1198 1241 libro,
1231 1190 1280 1233 in
1306 1190 1465 1250 prima
1496 1189 1644 1234 huius
1672 1189 1764 1235 dis-

133 1266 414 1328 quisitionis
457 1273 609 1327 parte,
655 1272 836 1312 attente
873 1273 1086 1312 utemur.
1126 1267 1194 1311 Eo
1229 1266 1462 1312 attentius
1499 1266 1632 1326 quod
1668 1267 1764 1312 fere

134 1344 299 1389 nullus
324 1344 568 1390 eiusmodi
595 1344 803 1405 scriptus
835 1351 923 1396 est,
958 1344 1092 1405 quod
1123 1343 1324 1405 quidem
1356 1343 1414 1389 ad
1447 1343 1762 1404 llispanicam

132 1421 444 1473 latinitatem,
475 1422 535 1468 sit
561 1422 704 1468 uenia
723 1422 878 1474 uerbi,
910 1428 1111 1483 spectat.

203 1498 475 1559 Scriptores
512 1504 625 1544 sunt
660 1498 911 1544 innumeri
945 1513 1161 1559 quorum
1200 1513 1481 1543 sermonem
1517 1513 1631 1542 cum
1666 1513 1764 1542 ser—

135 1591 284 1622 mone
325 1575 547 1621 Etheriae
597 1576 816 1621 conferre
867 1576 1002 1627 licet,
1058 1575 1108 1619 in
1160 1575 1395 1636 Hispania
1445 1575 1578 1619 enim
1631 1574 1763 1619 haud

135 1653 302 1698 minus
323 1668 475 1714 quam
495 1652 545 1697 in
567 1652 721 1698 Gallia
741 1653 940 1698 Italiaue
958 1652 1132 1713 primis
1151 1657 1264 1713 post
1284 1651 1541 1697 Christum
1562 1651 1764 1696 saeculis

136 1729 324 1775 litterae
354 1729 534 1779 latinae
566 1729 858 1775 floruerunt.
898 1729 992 1775 Sed
1024 1744 1175 1790 quam
1207 1729 1373 1774 irritus
1401 1729 1462 1774 sit
1496 1729 1575 1773 hic
1606 1728 1761 1779 labor,

136 1806 271 1867 quod
309 1806 510 1866 quidem
541 1806 602 1851 ad
644 1822 747 1852 rem
783 1812 1004 1852 nostram
1045 1811 1246 1867 spectat,
1282 1806 1381 1850 iam
1413 1805 1552 1850 liceat
1587 1805 1761 1850 dicere.

136 1883 247 1929 Non
273 1883 351 1928 hic
379 1883 695 1944 propositum
720 1889 791 1929 est
817 1884 983 1928 omnia
1012 1899 1136 1944 quae
1161 1883 1358 1944 propria
1383 1897 1487 1927 esse
1507 1882 1768 1927 uideantur

136 1960 315 2005 latinae
338 1960 537 2021 linguae
563 1976 659 2021 qua
687 1961 761 2006 usi
789 1966 904 2006 sunt
931 1960 1135 2022 Hispani
1162 1960 1212 2004 in
1240 1975 1399 2004 unum
1424 1974 1688 2020 congerere
1722 1964 1766 2002 et

138 2037 515 2097 grammaticam
541 2037 822 2098 hispanicae
857 2053 1007 2098 quam
1033 2036 1243 2082 dicimus
1270 2036 1525 2081 latinitatis
1557 2034 1769 2081 conscri-

137 2114 266 2160 bere.
309 2114 436 2160 Satis
475 2114 538 2159 sit
579 2130 861 2160 sermonem
898 2113 1120 2159 Etheriae
1164 2129 1278 2158 cum
1322 2128 1549 2159 sermone
1595 2127 1767 2157 eorum

139 2191 225 2252 qui
250 2191 301 2235 in
330 2191 564 2252 Hispania
596 2191 697 2236 nati
727 2190 901 2236 eodem
932 2196 1152 2251 tempore
1178 2190 1395 2241 fuerunt,
1418 2189 1601 2234 horum
1627 2203 1769 2249 prae-

139 2267 280 2328 cipue
305 2283 520 2328 quorum
541 2268 711 2328 lingua
731 2267 986 2313 barbarius
1006 2267 1334 2327 rusticiusque
1354 2271 1513 2317 sonat,
1529 2265 1766 2311 conferre.

140 2345 196 2389 ln
233 2360 332 2405 quo
367 2351 693 2390 monumenta
721 2360 919 2406 quoque
956 2360 1202 2405 anonyma
1238 2343 1388 2388 relata
1413 2342 1629 2403 aliquam
1667 2341 1770 2386 uim

143 2424 355 2468 tenent-3.
388 2422 518 2467 Inter
545 2422 806 2483 scriptores
827 2436 909 2466 eos
930 2421 1094 2482 potius
1119 2420 1423 2466 euoluendos
1443 2419 1667 2465 existimo
1687 2418 1771 2479 qui

143 2498 194 2542 in
229 2498 401 2544 eadem
447 2498 648 2559 regione
691 2514 787 2559 qua
828 2497 1024 2543 Etheria
1065 2498 1166 2542 nati
1211 2502 1341 2547 sunt,
1390 2496 1525 2541 uelut
1567 2495 1767 2545 Idafius,

144 2575 471 2628 Fructuosus;
505 2576 554 2620 in
588 2575 769 2637 quibus
800 2575 1019 2621 Valerius
1050 2574 1200 2620 abbas
1238 2574 1439 2625 eminet,
1475 2573 1657 2634 quippe
1690 2571 1774 2632 qui

145 2651 367 2699 Etheriae
414 2652 864 2714 peregrinationem
908 2652 1105 2712 penitus
1154 2651 1348 2696 nouerit
1391 2656 1436 2695 et
1485 2649 1773 2710 scriptorem

145 2744 329 2791 magna
383 2729 707 2775 admiratione
763 2734 1090 2790 prosequatur
1143 2733 1187 2773 et
1242 2727 1373 2772 idem
1434 2732 1534 2771 tam
1588 2725 1775 2771 inculto

224 2966 252 2987 ι.
281 2953 444 2995 Carnoy,
466 2955 514 2987 Le
532 2952 623 2986 latin
640 2952 858 2996 d'Espayne.
879 2951 935 2984 Cf.
956 2949 1125 2983 indicem
1144 2947 1512 2991 bibliographicum.

222 3021 253 3043 2.
285 3010 322 3042 ld
352 3010 457 3043 enim
484 3009 662 3043 nondum
690 3009 936 3050 compertum
964 3008 1017 3039 est
1048 3008 1185 3038 utrum
1213 3015 1293 3038 rem
1324 3003 1437 3037 latius
1472 3004 1697 3047 prolaturus
1728 3001 1774 3034 sit

150 3066 299 3109 Carnoy
319 3076 450 3100 necne.

221 3121 253 3155 3.
284 3120 396 3156 Velut
414 3121 585 3162 concilia,
606 3119 693 3154 libri
711 3119 893 3163 liturgici,
916 3118 988 3153 Lex
1007 3117 1326 3160 Wisigothorum.
