2075 3585
252 263 300 291 ῙΟ
459 262 514 290 DE
548 262 798 290 LATINITATE
830 263 1219 291 PEREGRINATIONIS
1252 263 1309 290 AD
1342 262 1453 291 LOCA
1485 263 1647 291 SANCTA

343 356 491 401 Multa
525 356 769 401 eiusmodi
808 357 1025 417 exempla
1067 356 1118 401 in
1160 356 1426 417 hispanicis
1461 356 1867 417 inscriptionibus

246 449 498 479 occurrere
536 434 669 478 testis
705 439 776 478 est
805 434 978 478 doctus
1012 434 1089 478 uir
1130 433 1323 493 Carnoy
1347 446 1376 478 ¹.
1422 433 1517 492 Qui
1551 449 1665 479 cum
1699 434 1867 479 omnia

244 511 463 571 exempla
488 510 818 572 excerpsisset,
849 510 907 555 de
932 526 982 555 re
1007 511 1129 555 mira
1166 511 1424 571 sagacitate
1455 511 1700 557 disseruit.
1733 512 1865 556 Dum

244 588 375 632 enim
392 587 602 632 indicem
623 588 958 648 exemplorum
982 593 1286 648 repertorum
1307 588 1534 648 perlegis,
1548 588 1683 632 uenit
1703 588 1866 633 subito

243 666 294 710 in
321 671 537 710 mentem
564 664 612 708 id
638 680 740 709 esse
767 665 1009 725 peculiare
1033 665 1285 726 quoddam
1310 665 1591 725 hispanicae
1617 664 1863 716 latinitati,

244 758 357 787 cum
383 742 617 786 hodierna
650 742 901 802 hispanica
934 742 1103 802 lingua
1135 758 1165 785 ιι
1200 741 1249 786 in
1284 740 1310 786 l)
1346 747 1587 786 mutatam
1621 742 1888 803 praebeat„

246 819 341 864 Sed
374 825 469 864 tres
504 824 615 864 sunt
649 819 935 880 praecipuae
969 834 1141 864 causae
1177 834 1301 880 quae
1338 825 1382 864 te
1416 819 1476 864 ab
1509 819 1599 864 hac
1634 819 1868 880 opinione

243 902 546 942 remoueant.
565 896 805 956 Exempla
821 896 1041 956 primum
1061 896 1495 957 segregandasuut
1518 896 1715 956 quibus,
1744 896 1865 941 dum

244 973 367 1018 duae
393 990 422 1017 ιι
449 973 634 1023 insunt,
659 973 808 1018 altera
829 973 1025 1017 alterius
1052 972 1306 1018 dissimilis
1333 973 1456 1018 facta
1480 979 1576 1025 est;
1607 972 1675 1018 sic
1701 971 1866 1018 balteis

243 1049 372 1110 apud
400 1049 664 1100 Ethcriam,
697 1048 885 1094 lebxmic
912 1049 1042 1110 apud
1070 1047 1315 1095 Valerium
1348 1049 1419 1110 (in
1455 1048 1594 1094 bobis
1625 1049 1868 1110 posterior

243 1126 400 1172 littera
436 1126 613 1186 prioris
649 1126 821 1171 similis
853 1126 976 1171 facta
1007 1126 1115 1187 est).
1150 1126 1337 1171 Deinde
1368 1125 1864 1171 animaduertendum

241 1204 459 1264 exempla
486 1204 724 1249 litterulae
752 1203 778 1248 h
804 1220 892 1265 pro
921 1221 951 1248 ιι
979 1204 1166 1265 positae
1192 1204 1243 1248 in
1270 1204 1365 1249 scre
1391 1204 1625 1249 omnibus
1655 1203 1867 1264 regioni-

241 1281 332 1325 bus
369 1296 393 1326 a
430 1281 667 1326 Romanis
702 1282 863 1332 cultis,
903 1286 1098 1342 excepta
1133 1281 1335 1342 quidem
1373 1281 1544 1333 Gallia,
1583 1296 1687 1327 esse
1718 1282 1865 1326 innu-

242 1374 374 1403 mera
396 1371 426 1405 ³².
458 1358 680 1419 Denique
712 1358 762 1403 in
795 1359 1045 1419 hispanica
1078 1358 1265 1419 lingua,
1294 1358 1459 1404 medio
1490 1358 1690 1419 quidem
1723 1374 1862 1410 aeuo,

241 1450 295 1480 ex
319 1435 745 1496 disquisitionibus
771 1451 796 1480 a
823 1435 1108 1481 doctissimo
1140 1436 1248 1481 uiro
1282 1435 1477 1481 Cueruo
1507 1436 1644 1481 factis
1675 1442 1868 1481 constat

240 1512 424 1557 litteras
451 1512 477 1557 b
504 1519 549 1558 et
578 1530 607 1557 ιι
636 1513 797 1558 adhuc
822 1513 1060 1573 distingui
1086 1519 1133 1558 et
1158 1514 1207 1557 in
1232 1513 1310 1558 his
1343 1518 1536 1559 tantum
1570 1513 1732 1559 uerbis
1763 1528 1867 1559 esse

240 1590 467 1634 confusas
479 1590 658 1650 quibus
677 1590 785 1635 illac
797 1590 1120 1635 duaelitterae
1133 1597 1529 1652 postponuntur:
1548 1590 1712 1644 biunr,
1732 1590 1867 1636 bz'uz'r

240 1683 329 1727 pro
352 1668 519 1718 ιιὶιιαν,
540 1667 720 1714 αἰπὺ-3.
737 1667 880 1725 Quod
897 1667 956 1712 ad
976 1683 1296 1713 communem
1316 1667 1499 1727 linguis
1520 1667 1615 1712 fere
1633 1666 1866 1712 omnibus

239 1744 414 1804 legem,
446 1744 609 1804 potius
634 1760 783 1804 quam
814 1744 874 1788 ad
906 1745 1202 1805 peculiarem
1236 1744 1593 1806 pronuntiandi
1624 1744 1865 1790 rationem

239 1836 341 1866 esse
378 1820 687 1866 referendum
722 1821 865 1882 plane
899 1821 1200 1869 admiserim.
1231 1822 1286 1866 In
1322 1822 1450 1867 hanc
1481 1837 1599 1867 uero
1630 1821 1866 1867 mendam

239 1897 487 1942 Ethcriam
536 1898 693 1959 ipsam
744 1898 986 1950 incidisse,
1035 1915 1137 1944 non
1184 1899 1458 1951 librarium,
1509 1899 1773 1951 existimes,
1827 1898 1867 1944 si

238 1976 464 2021 consulas
512 1992 635 2036 quae
684 1976 814 2021 docti
862 1976 955 2022 uiri
1006 1976 1314 2023 Schuchardt
1363 1982 1409 2023 et
1463 1977 1657 2038 Carnoy
1709 1976 1768 2022 de
1814 1991 1865 2021 re

240 2053 541 2115 scripserunt
555 2052 585 2101 ²¹.

306 2242 404 2287 «H
431 2243 659 2294 litteram,
694 2250 748 2289 ut
788 2244 951 2290 uerbis
988 2245 1298 2305 grammatici
1338 2245 1479 2290 Gellii
1516 2250 1732 2297 utamur,
1773 2244 1866 2305 spi-

242 2319 393 2364 ritum
434 2321 593 2380 magis
635 2337 784 2381 quam
828 2322 1039 2366 litteram
1080 2322 1175 2366 dici
1217 2327 1409 2382 oportet
1429 2325 1461 2367 ³3.
1497 2341 1513 2363 »
1558 2321 1625 2366 Ex
1665 2321 1863 2367 alterius

240 2397 549 2456 grammatici
587 2398 1014 2443 obseruationibus
1052 2404 1259 2450 constat,
1295 2399 1385 2444 hac
1416 2399 1575 2444 littera
1609 2414 1864 2460 perperam

316 2591 344 2612 1.
374 2580 413 2612 P.
441 2579 610 2619 134-146.
639 2581 693 2614 Cf.
719 2582 819 2621 lehis,
849 2582 955 2623 lebes,
987 2583 1221 2623 instaurabit,
1249 2593 1285 2626 p.
1318 2582 1402 2624 134;
1434 2582 1581 2616 ornabit
1609 2583 1680 2625 (V10
1697 2582 1863 2627 saeculo)

243 2634 352 2668 brebe
375 2635 462 2678 (vuO
490 2637 552 2670 uel
581 2643 667 2670 vni<¹
686 2638 835 2671 sacculo
862 2640 947 2682 post
968 2638 1183 2681 Christum)
1203 2641 1239 2671 et.
1258 2638 1383 2672 multa
1402 2639 1567 2682 perfecta
1586 2638 1626 2671 in
1647 2638 1721 2672 -bit
1738 2639 1866 2672 termi-

239 2694 339 2726 nata.
374 2703 410 2735 p.
437 2691 513 2725 135.
545 2693 658 2734 Quod
685 2694 731 2726 ad
763 2708 779 2724 «
799 2695 1051 2727 betacismum
1069 2708 1101 2733 υ,
1133 2706 1192 2738 ap.
1221 2695 1310 2728 Ant.
1339 2694 1504 2728 Placent.
1532 2694 1682 2735 attinet,
1710 2694 1758 2728 cf.
1785 2695 1863 2728 Bel-

241 2748 386 2790 langer,
409 2759 466 2791 op.
491 2748 602 2788 lauch,
625 2760 661 2792 p.
685 2749 741 2788 34.

311 2814 343 2836 2.
374 2805 595 2847 (Ja1·noy,p.
621 2806 697 2843 141.

312 2858 344 2892 3.
375 2861 459 2893 Rev.
483 2859 713 2904 hispanique.
736 2862 779 2901 ΙΙ,
802 2872 837 2904 p.
861 2862 879 2894 5
900 2872 954 2905 sq.

310 2915 342 2952 4.
375 2929 389 2945 «
408 2915 625 2957 L'ngernein
650 2918 785 2960 hiiufig
810 2928 886 2951 war
910 2918 969 2951 dic
988 2918 1310 2961 Yerwechselung
1335 2919 1403 2952 der
1429 2919 1669 2953 Buchstaben
1695 2929 1717 2952 B
1741 2919 1824 2953 und
1842 2929 1866 2953 v

237 2972 291 3004 im
327 2970 360 3003 3.
397 2971 531 3004 Jahrh.
568 2982 728 3006 unserer
761 2974 1060 3017 Zeitrechnung.
1089 2975 1132 3007 In
1166 2975 1413 3009 christlichen
1432 2975 1720 3009 Grabschriften
1746 2975 1862 3009 sehen

240 3027 308 3060 wir
345 3027 420 3060 den
457 3027 691 3061 Betazismus
729 3030 768 3062 iu
804 3030 1004 3064 hochstein
1044 3030 1137 3066 Flor.
1165 3044 1182 3061 »
1219 3030 1377 3072 (Volcat,
1414 3031 1440 3072 Ι,
1481 3030 1574 3074 131.)
1604 3030 1659 3064 Cf.
1697 3031 1860 3074 Carnoy,

239 3094 276 3127 p.
297 3082 372 3116 136.

310 3138 344 3171 5.
374 3139 591 3180 Seehnann,
613 3150 650 3183 p.
673 3139 753 3173 203.
