2075 3585
879 592 1170 648 CAPVT
1250 591 1286 644 V

521 1101 593 1155 De
638 1100 748 1154 Vsu
792 1099 1117 1165 aliquarum
1162 1096 1665 1152 Coniunctionum.

344 1384 575 1442 Quando,
607 1401 725 1446 qua.
756 1412 816 1417 ——
843 1383 1061 1428 Wolfflin
1095 1382 1194 1427 iam
1227 1381 1578 1428 animaduertit
1603 1381 1905 1427 coniunctio-

276 1479 390 1510 nem
416 1461 621 1524 quando
650 1461 766 1506 satis
798 1461 1078 1522 frequenter
1108 1460 1335 1520 usurpari
1369 1459 1538 1505 multis
1570 1459 1692 1506 locis
1724 1459 1903 1520 quibus

277 1540 415 1604 quod
439 1541 517 1586 uel
542 1557 657 1584 cum
682 1544 921 1600 expectes.
939 1538 995 1582 In
1013 1536 1275 1582 Indicz'lms
1301 1537 1530 1583 editionis
1556 1537 1688 1582 locos
1715 1536 1906 1582 notauit

276 1619 329 1664 P.
347 1619 500 1679 Geyer
519 1617 603 1662 ubi
623 1615 828 1678 quando
849 1615 1190 1676 francogalliee
1211 1613 1412 1675 lorsque
1435 1614 1697 1674 significat,
1723 1615 1801 1666 42,
1818 1613 1901 1665 23;

277 1697 354 1748 43,
390 1695 470 1747 13ς
511 1694 589 1754 67,
620 1709 701 1745 1ος
744 1708 849 1743 100,
880 1707 927 1736 1;
970 1691 1054 1736 ubi
1085 1707 1199 1737 cum
1232 1689 1514 1736 indicativo
1545 1691 1766 1752 perfecti
1794 1705 1906 1736 con-

277 1773 497 1820 struitur.

339 1848 620 1910 Aliquando
650 1862 764 1892 cum
786 1845 1069 1891 z'mlz'cacc'uo
1091 1846 1377 1907 imperfecti
1393 1845 1679 1896 adstruitur,
1695 1844 1906 1906 exempli

276 1928 447 1990 gratia,
482 1941 588 1977 100,
618 1924 672 1977 ὃς
704 1940 781 1985 92,
813 1923 867 1975 6;
897 1939 1010 1969 cum
1038 1922 1319 1968 z‘tzclicatiuo
1339 1921 1462 1984 plns
1493 1939 1643 1984 quam
1664 1922 1902 1984 perfecti,

278 2008 353 2058 51,
385 2004 438 2057 83
469 2006 546 2055 50,
582 2003 654 2053 14.

342 2083 379 2126 Α
405 2096 502 2141 qua
527 2078 876 2124 coniunctione
901 2076 1068 2128 altera,
1095 2076 1266 2121 eadem
1292 2076 1471 2137 prioris
1497 2075 1765 2126 simillima,
1804 2090 1906 2120 non

278 2156 579 2219 segreganda
601 2161 689 2206 est,
706 2155 755 2199 id
776 2159 849 2200 est
877 2170 978 2215 qua
1000 2169 1089 2214 pro
1112 2152 1316 2214 quando
1343 2153 1597 2213 scriptum.
1622 2152 1775 2197 Locos
1795 2166 1908 2212 pro-

277 2236 414 2281 duxit
450 2235 504 2279 P.
535 2233 705 2294 Geyer,
746 2232 797 2276 in
831 2230 1111 2283 Inclicz‘bus,
1149 2230 1239 2275 sub
1279 2231 1457 2275 uerbo:
1504 2230 1712 2291 exempli
1752 2229 1909 2290 gratia

277 2313 434 2365 loc-us,
481 2309 568 2355 aba·
594 2310 697 2371 fuit
727 2318 934 2353 sanetus
969 2306 1223 2367 Helgsas...
1268 2325 1368 2368 (sua.
1405 2309 1556 2371 fugit,
1604 2308 1681 2358 41,
1720 2307 1802 2359 14;
1843 2306 1903 2351 cf.

279 2390 356 2442 46,
376 2406 431 2434 22
452 2405 461 2441 3
486 2388 563 2439 80,
582 2387 635 2432 3:
661 2403 737 2447 92,
757 2402 780 2445 7
800 2402 809 2438 ;
834 2385 911 2445 94,
932 2385 976 2429 6.
997 2384 1140 2442 Quod
1162 2384 1461 2430 uocabulum
1483 2384 1521 2429 si
1542 2383 1691 2429 semel
1713 2388 1908 2428 tantum

279 2470 569 2516 occurreret,
606 2479 662 2509 ex
695 2462 879 2507 librarii
913 2476 1076 2507 errore
1110 2462 1154 2506 id
1195 2477 1298 2507 esse
1333 2467 1498 2507 ortum
1538 2460 1669 2506 haud
1711 2459 1910 2505 difficile

281 2542 590 2592 admitteres3
644 2539 826 2600 quippe
877 2553 991 2582 cum
1038 2537 1267 2582 facillime
1308 2538 1483 2583 ultima
1518 2536 1737 2582 cuiusuis
1771 2537 1910 2582 uerbi

281 2635 394 2683 pars
419 2619 540 2664 dum
566 2615 919 2662 transcribatur
944 2620 1218 2659 euaneseat.
1236 2615 1378 2660 Nunc
1405 2620 1571 2660 autem
1598 2629 1711 2659 cum
1738 2613 1790 2658 hi
1814 2613 1910 2659 loci

284 2694 636 2757 frequentiores
672 2692 785 2743 sint,
825 2706 927 2736 non
962 2690 1141 2736 menda
1176 2706 1292 2736 sane
1326 2691 1648 2742 admittenda,
1686 2690 1765 2736 sed
1805 2690 1909 2736 ueri

284 2772 491 2819 similior
514 2776 585 2815 est
610 2767 887 2830 quaerenda
906 2767 1199 2828 explanatio.
1219 2767 1484 2828 Sequentia
1504 2773 1669 2813 autem
1688 2767 1908 2827 exempla

282 2850 320 2896 si
346 2846 713 2896 obseruaueris:
746 2845 794 2888 ι’κι
821 2860 878 2888 (τι
905 2844 1033 2888 Ιιοιτι
1059 2861 1158 2905 (susc
1186 2855 1492 2894 (mel-terant,
1522 2845 1599 2896 63,
1630 2843 1711 2896 183
1743 2860 1803 2888 ea
1830 2842 1910 2888 die

280 2943 395 2988 qua,
441 2925 518 2975 64,
563 2923 636 2975 13,
681 2920 812 2967 unde
852 2920 932 2966 ille
974 2935 1089 2965 usus
1124 2926 1261 2966 ortus
1296 2921 1357 2966 sit
1393 2921 1675 2982 perspicies.
1715 2919 1790 2966 Cf.
1831 2919 1909 2964 leis

280 3002 455 3048 diebus
483 3017 595 3062 qua,
635 2998 710 3050 43,
743 2997 829 3049 233
866 2999 941 3049 55,
972 2997 1025 3049 8;
1062 2998 1112 3042 in
1145 3015 1293 3043 mane
1323 2998 1552 3054 sabbato,
1584 3014 1688 3059 qua
1721 2995 1910 3041 oblatio

276 3082 351 3135 sil,
391 3079 468 3130 81,
513 3079 595 3129 153
635 3086 752 3120 tunc
790 3091 908 3135 (succ,
949 3090 1026 3135 97,
1072 3090 1153 3135 193
1199 3073 1506 3136 temporibus
1542 3072 1781 3120 Achab...
1811 3089 1912 3134 qua

285 3157 445 3219 famis
469 3155 588 3217 fuit,
619 3154 695 3215 59,
725 3154 770 3197 5.
