2075 3585
358 291 430 317 XVI
574 289 629 316 DE
662 287 910 315 LATINITATE
943 284 1331 313 PEREGRINATIONIS
1363 284 1421 310 AD
1454 284 1561 311 LOCA
1596 284 1757 312 SANCTA

356 397 581 428 sermone
606 386 772 426 utatur
806 385 860 425 ut
892 378 1022 440 apud
1056 393 1170 423 eum
1201 391 1398 438 quoque
1428 376 1735 438 hispanicam
1761 377 1978 423 latinita-

359 466 453 504 tem
490 458 723 518 indagare
747 457 887 502 liceat
900 478 929 500 1.

418 535 502 580 His
518 541 681 580 tamen
701 534 881 584 uerbis,
901 550 924 577 «
940 532 1192 593 hispanica
1205 531 1419 577 latinitas
1434 550 1479 582 »‚
1502 531 1736 576 lectorem
1755 530 1978 592 decipere

358 612 512 657 nolim
543 627 551 655 :
581 611 640 656 de
664 626 758 671 qua
786 610 904 670 quid
926 610 1194 654 sentiamus
1219 608 1364 653 latius
1392 608 1442 652 in
1467 608 1565 653 fine
1595 607 1745 653 libelli
1771 608 1977 669 explica-

358 689 545 734 bimus:
571 687 738 748 paucis
758 687 838 731 hic
859 686 920 731 sit
936 686 1051 731 satis
1071 686 1245 731 dicere.
1273 684 1449 745 Siquis
1469 685 1519 729 in
1540 684 1760 730 studium
1781 685 1980 745 linguae

357 765 550 819 latinae,
581 764 739 824 qualis
764 763 855 808 fuit
882 763 1055 824 primis
1075 767 1187 823 post
1208 761 1463 807 Christum
1490 761 1711 813 saeculis,
1735 777 1791 806 eo
1811 761 1978 807 animo

356 840 628 885 intenderet
663 845 716 884 ut
751 855 805 884 ea
841 839 941 884 sola
976 838 1242 899 requireret
1278 852 1402 898 quae
1443 837 1669 897 linguam
1701 853 1795 898 qua
1833 837 1975 888 Galli,

354 918 429 962 uel
458 917 579 968 ltali,
610 917 687 961 uel
725 916 928 977 Hispani
955 915 1030 960 usi
1063 921 1176 960 sunt
1201 914 1510 965 denuntient,
1539 913 1591 958 in
1617 913 1813 959 irritum
1849 929 1981 959 casu-

353 1009 465 1038 rum
496 1009 599 1038 esse
636 993 739 1038 eius
773 993 1010 1043 laborem,
1039 991 1288 1043 omnibus,
1319 990 1529 1051 exceptis
1562 990 1763 1051 quidem
1798 991 1981 1051 paucis-

354 1070 507 1120 simis,
537 1070 651 1114 satis
687 1074 997 1130 compertum
1031 1073 1102 1113 est
1134 1084 1141 1112 :
1178 1067 1481 1128 palinodiam
1515 1067 1647 1112 docti
1677 1066 1772 1111 uiri
1806 1066 1978 1112 Sittlii2

355 1146 564 1191 sufficiat
600 1146 678 1191 hic
710 1160 1118 1191 commemorare.
1154 1145 1257 1189 Vox
1294 1144 1590 1204 «hispanica
1625 1144 1889 1189 latinitas»
1923 1159 1980 1189 eo

355 1238 501 1267 sensu
525 1228 596 1267 est
621 1222 942 1273 admittenda,
971 1228 1026 1266 ut
1056 1221 1105 1265 in
1138 1222 1218 1266 illa
1253 1221 1536 1282 saepissime
1570 1221 1666 1266 fere
1691 1220 1816 1265 nihil
1849 1220 1982 1266 aliud

353 1315 503 1360 quam
529 1299 780 1360 quandam
806 1299 1048 1344 rationem
1079 1298 1340 1343 commode
1370 1298 1605 1358 loquendi
1637 1297 1821 1343 uideas.
1852 1297 1981 1355 Quid

354 1376 414 1420 sit
441 1376 636 1436 proprie
661 1376 975 1437 hispanicum
996 1375 1069 1420 uel
1099 1375 1247 1420 etiam
1267 1375 1555 1426 asturicum‚
1581 1375 1619 1420 si
1639 1375 1757 1435 quid
1777 1380 1865 1425 est,
1892 1390 1981 1420 suo

350 1453 457 1499 loco
492 1454 942 1499 animaduertemus
973 1469 981 1497 z
1021 1452 1287 1497 maximam
1325 1467 1441 1497 uero
1476 1458 1666 1513 partem
1700 1452 1849 1497 libelli
1881 1467 1980 1497 non

352 1532 518 1577 minus
580 1531 888 1591 hispanicam
939 1546 1089 1591 quam
1139 1530 1364 1590 gallicam
1420 1529 1637 1575 redolere
1690 1529 1981 1574 latinitatem

354 1624 500 1654 nemo
526 1608 802 1653 mirabitur.

422 1775 543 1819 Rem
584 1773 887 1819 tractandam
914 1773 963 1817 in
991 1778 1086 1818 tres
1112 1777 1272 1833 partes
1299 1771 1642 1817 distribuimus
1675 1788 1684 1817 :
1725 1773 1776 1817 in
1802 1773 1977 1834 prima,

356 1851 652 1895 disseremus
687 1850 746 1894 de
774 1865 1012 1895 sonorum
1038 1848 1399 1894 mutationibus
1425 1854 1472 1894 et
1505 1849 1564 1894 de
1599 1850 1769 1895 formis
1796 1865 1980 1895 uocum

358 1928 743 1975 declinabilium,
781 1927 840 1972 de
875 1926 1120 1972 aduerbiis
1147 1931 1192 1971 et
1220 1926 1278 1970 de
1306 1926 1511 1971 uocibus
1539 1925 1890 1980 informandis;
1930 1927 1980 1972 in

360 2005 589 2055 secunda,
628 2005 686 2049 de
723 2004 929 2065 syntaxi,
964 2002 1412 2065 praepositionibus
1449 2003 1982 2065 coniunctionibusque

355 2082 556 2127 inclusis
574 2099 582 2126 :
608 2082 657 2125 in
681 2082 981 2142 tertiapartQ
1000 2079 1238 2125 uocabula
1259 2080 1620 2140 perpendemus
1638 2097 1762 2142 quae
1779 2097 1981 2143 quoquo

358 2159 507 2204 modo
538 2159 686 2219 digna
715 2159 816 2203 uisa
844 2164 959 2204 sunt
978 2173 1101 2219 quae
1127 2162 1376 2202 notentur.

431 2343 458 2363 1.
491 2330 707 2373 Eugenimn
723 2331 765 2364 ll,
779 2330 1003 2374 episcopum
1014 2331 1259 2372 Toletanum,
1275 2331 1348 2375 legi
1359 2334 1528 2374 tantum3
1540 2340 1770 2375 quanquam
1782 2330 1887 2364 enim
1901 2341 1979 2364 rus-

357 2387 419 2420 tici
440 2386 626 2420 sermonis
646 2387 730 2419 facit
761 2387 1015 2420 mentionem.
1030 2387 1126 2420 nihil
1147 2388 1345 2421 notatione
1355 2388 1525 2431 dignum
1543 2387 1624 2422 eius
1644 2386 1843 2422 uersiculis
1862 2386 1982 2422 inesse

355 2442 585 2477 existimaui.
608 2443 663 2475 (js.
685 2443 788 2475 hunc
808 2443 938 2475 locum
962 2454 967 2475 :

757 2517 796 2545 At
814 2518 849 2545 tu
867 2516 929 2553 qni
947 2518 1077 2546 nostras
1096 2517 1284 2555 tranquillo
1300 2519 1436 2554 pectore
1453 2526 1562 2554 nugas

808 2563 967 2599 perlegis,
986 2565 1017 2593 et
1039 2564 1164 2592 blande
1182 2564 1298 2593 rustica
1316 2565 1411 2594 uerba
1428 2565 1533 2593 sones.

1387 2612 1527 2648 (Migne,
1539 2613 1577 2641 P.
1594 2612 1642 2648 L„
1659 2612 1708 2652 87,
1724 2612 1781 2652 359
1796 2613 1852 2650 A.)

426 2690 458 2711 2.
491 2679 532 2711 ln
554 2678 822 2712 Iahresberichl
844 2678 932 2711 iiber
959 2678 1015 2711 (lie
1040 2679 1277 2712 Fortschrille
1303 2679 1368 2712 cler
1386 2679 1848 2724 .tIler!umswissenschast,
1879 2682 1979 2728 1892,

358 2745 395 2778 p.
416 2734 493 2767 226.
