2075 3585
794 579 1052 634 CAPVT
1128 579 1206 632 IV

671 1030 940 1099 Syntaxis
981 1029 1322 1084 Verborum.

249 1286 469 1334 Passiua
506 1286 680 1333 uerba.
710 1316 770 1321 —
811 1288 882 1333 De
922 1287 1228 1349 temporibus
1271 1289 1558 1350 compositis
1592 1289 1813 1351 primum
1856 1349 1857 1353 Ἰ

183 1370 348 1410 actum
379 1365 486 1411 erit.
521 1364 615 1411 Est
649 1365 798 1411 semel
832 1365 1153 1426 praeponitur
1185 1376 1258 1410 est
1292 1365 1606 1427 deputatum,
1647 1383 1724 1427 70,
1755 1368 1809 1420 6;

183 1442 354 1488 ceteris
381 1442 501 1488 locis
521 1442 757 1503 (quorum
786 1442 844 1487 85
871 1442 1081 1503 exstant)
1107 1441 1315 1488 uerbum
1336 1459 1441 1488 6336
1469 1442 1617 1505 (sum,
1649 1460 1804 1496 eram,

183 1536 284 1574 ero,
317 1520 432 1572 sim,
463 1518 589 1581 esse)
616 1519 950 1581 postponitur.

248 1597 587 1658 Segregandas
611 1612 714 1643 esse
739 1597 963 1642 existimo
988 1612 1068 1642 eas
1100 1597 1282 1643 formas
1313 1613 1525 1659 quarum
1557 1600 1810 1661 participia

181 1675 330 1721 meris
355 1674 606 1720 adiectiuis
633 1674 811 1720 similia
840 1675 962 1720 facta
999 1680 1114 1720 sunt
1154 1692 1162 1720 :
1201 1677 1447 1736 scriptam
1474 1687 1547 1721 est
1576 1675 1812 1737 (plerum-

181 1768 277 1814 que
325 1752 673 1798 coniunctione
721 1762 774 1797 ut
818 1752 1134 1814 praeposita),
1175 1752 1324 1798 uicies
1372 1753 1521 1798 sexies
1570 1755 1807 1809 occurrit;

175 1831 401 1891 positum
427 1840 513 1883 est,
541 1830 767 1890 positum
784 1845 905 1884 6336,
931 1829 1105 1882 octies3
1127 1830 1279 1885 sirus,
1309 1831 1556 1892 conflatus,
1588 1831 1807 1884 iunctm,

173 1908 474 1968 periunctus
501 1916 586 1957 est,
620 1911 807 1967 quater.

248 1983 408 2044 Supra
433 1983 783 2029 adnotauimus
808 1983 1076 2028 uerborum
1102 1984 1504 2030 coniunctionem
1541 1996 1614 2030 63ι
1650 1984 1809 2046 desm-

181 2071 343 2107 tatum
394 2060 542 2106 semel
589 2075 865 2112 occurrere;
916 2060 968 2104 in
1020 2060 1202 2121 quibus
1250 2061 1559 2122 temporibus
1615 2063 1810 2123 partiei-

181 2139 321 2200 pium
369 2153 483 2183 cum
525 2137 697 2183 formis
725 2138 832 2196 sul,
867 2145 1099 2197 sueram,
1131 2144 1304 2197 suero,
1335 2140 1547 2197 fuerim,
1594 2141 1808 2199 fuissem

181 2216 506 2262 coniunctum
541 2220 613 2260 est
653 2214 703 2259 id
740 2214 932 2276 saepius
967 2214 1073 2260 fieri
1107 2230 1231 2276 quae
1269 2222 1546 2277 sequuntur
1587 2217 1809 2278 exempla

183 2292 403 2338 indicant
429 2308 437 2336 :
468 2293 573 2353 fuit
604 2290 918 2353 deputatum,
954 2307 1029 2352 70,
1060 2291 1086 2336 6
1105 2307 1114 2343 ;
1135 2297 1356 2352 suerunt
1383 2295 1572 2356 girata,
1607 2293 1685 2346 Δ3,
1723 2309 1804 2353 29;

180 2376 350 2426 fuerat
376 2379 620 2422 ostensus,
654 2370 730 2429 59,
763 2384 845 2420 203
871 2369 1045 2430 ficerat
1076 2369 1300 2423 inuenta,
1348 2386 1454 2421 100,
1496 2386 1551 2432 9;
1589 2373 1811 2433 fuissent

185 2446 441 2509 baptizati,
468 2446 546 2498 58,
577 2448 657 2499 15;
683 2446 845 2507 fuisse
864 2444 1134 2507 sepultum,
1160 2445 1237 2497 53,
1264 2463 1319 2491 22
1339 2464 1348 2499 ;
1368 2449 1532 2509 sitisse
1552 2458 1805 2510 cooperta,

182 2526 260 2576 54,
287 2541 371 2577 223
398 2524 560 2586 fuisse
586 2532 866 2584 operatum,
893 2524 970 2583 57,
1004 2539 1084 2583 27;
1116 2523 1251 2584 quod
1271 2539 1384 2568 cum
1406 2540 1498 2569 usu
1523 2524 1807 2585 linguarum

183 2616 520 2652 romanarum,
552 2600 634 2646 sed
661 2615 762 2645 non
790 2615 903 2645 cum
928 2615 1026 2645 una
1052 2599 1324 2660 hispanica,
1354 2602 1601 2662 congruit.

251 2678 456 2739 Saepius
482 2693 599 2723 uero
625 2677 943 2738 postponitur
967 2677 1123 2722 forma
1138 2677 1235 2739 fui,
1256 2682 1446 2735 fuera&
1474 2678 1533 2723 ad
1554 2694 1809 2724 summum

184 2755 513 2817 quadraginta
544 2754 635 2799 tria
669 2754 888 2815 exempla
923 2759 1265 2805 numerantur,
1303 2770 1358 2799 ex
1395 2755 1576 2815 quibus
1607 2756 1809 2817 triginta

184 2847 367 2878 nouem
404 2847 518 2876 cum
548 2831 722 2892 suerit,
760 2830 859 2876 duo
893 2846 1007 2876 cum
1036 2833 1229 2892 sicel-(cf,
1268 2847 1428 2876 unum
1462 2847 1575 2877 cuin
1608 2834 1806 2895 suisset,

183 2911 391 2955 alterum
419 2924 533 2954 curn
557 2908 708 2960 luisse
736 2908 997 2954 informata
1024 2913 1155 2953 sunt.

246 2987 352 3032 Vno
396 2985 608 3047 denique
638 2985 745 3030 loco
773 2985 1035 3045 singularis
1062 2985 1141 3030 illa
1167 2985 1325 3031 forma
1350 2986 1531 3047 legitur
1561 3003 1569 3031 :
1600 2987 1807 3032 auditus

186 3063 353 3108 sicubi
372 3068 617 3124 exspectes
642 3061 888 3106 audiatur
907 3080 921 3105 .·
944 3072 1113 3106 tantas
1139 3063 1334 3125 rugitus
1347 3073 1478 3119 631..,
1497 3073 1549 3107 ut
1562 3080 1721 3125 pom-0
1743 3064 1813 3108 ml

192 3141 446 3185 ciuitatem
487 3140 764 3203 gencium...
798 3138 1004 3183 auditus
1040 3139 1120 3191 sil,
1157 3139 1235 3199 87,
1271 3141 1297 3184 5
1326 3155 1336 3184 ε
1373 3140 1450 3185 cui
1482 3140 1590 3185 loeo
1624 3140 1811 3186 nullam
