2075 3585
685 646 1304 729 CONCLVSIO

248 1374 375 1419 Cum
406 1373 660 1425 hactenus,
699 1374 749 1418 in
781 1373 990 1435 singulis
1025 1373 1376 1436 grammaticae
1410 1371 1648 1434 partibuS‚
1683 1386 1808 1433 quae

182 1451 404 1497 Etheriae
454 1450 716 1512 peculiaria
756 1466 859 1497 esse
900 1452 1187 1498 uiderentur
1227 1451 1488 1510 diligenter
1534 1464 1624 1509 pro
1670 1453 1809 1510 parte

183 1529 634 1580 subnotauerimus,
673 1544 847 1590 operae
886 1529 1088 1575 forsitan
1129 1528 1344 1591 pretium
1388 1527 1449 1572 sit
1488 1541 1612 1588 quae
1647 1525 1808 1571 adhuc

182 1606 322 1667 quasi
363 1605 562 1651 disiecta
596 1605 912 1667 dispersaque
942 1606 1101 1652 iacent
1140 1606 1189 1651 in
1225 1621 1384 1651 unum
1426 1618 1706 1665 congerere.
1737 1602 1808 1648 Ita

183 1683 401 1744 exempla
426 1699 549 1744 quae
574 1683 823 1744 quandam
850 1683 953 1728 uim
985 1690 1152 1730 tenent
1182 1683 1234 1728 in
1258 1683 1460 1728 meliore
1489 1680 1676 1726 lumine
1700 1686 1808 1725 tum

184 1760 550 1813 collocabimus,
580 1767 687 1806 tum
713 1777 766 1806 ex
792 1761 868 1806 his
893 1761 1105 1807 collectis
1131 1761 1408 1822 iterumque
1433 1758 1685 1821 perpensis
1710 1773 1810 1803 cer-

184 1845 284 1884 tam
331 1839 698 1884 conclusionem
746 1839 1011 1884 informare
1051 1839 1357 1884 conabimur.
1402 1836 1532 1896 Quid
1570 1836 1704 1882 enim
1747 1835 1810 1880 sit

184 1915 407 1961 Etheriae
439 1922 481 1961 et
520 1916 773 1961 nonnullis
810 1916 1029 1962 eiusdem
1059 1916 1294 1978 temporis
1324 1914 1643 1976 scriptoribus
1679 1928 1809 1959 com-

184 2009 351 2045 mune,
377 1993 556 2054 quibus
577 1993 722 2039 rebus
748 2009 909 2039 sermo
934 1994 1038 2039 eius
1064 1993 1303 2054 distingui
1328 1993 1500 2054 possit,
1519 1991 1691 2053 quanti
1711 1990 1809 2036 sint

185 2071 427 2116 momenti
454 2070 544 2116 hae
578 2086 737 2116 nouae
772 2086 846 2116 res
872 2071 932 2116 ad
957 2071 1264 2132 hispanicam
1290 2085 1442 2132 quam
1467 2069 1677 2114 dicimus
1703 2067 1809 2112 lati-

186 2149 390 2193 nitatem
421 2148 596 2193 melius
631 2148 950 2200 noscendam,
985 2148 1080 2194 hoc
1116 2164 1307 2194 nouum
1341 2153 1387 2193 et
1411 2146 1647 2192 ultimum
1684 2160 1808 2206 opus

184 2227 464 2287 aggressuri
491 2242 679 2271 sumus.

249 2304 383 2361 Quae
409 2303 568 2349 adhuc
595 2303 881 2364 scripsimus
908 2304 944 2349 si
971 2303 1081 2365 quis
1107 2309 1289 2350 attente
1315 2301 1575 2364 perlegerit
1606 2306 1652 2346 et
1676 2300 1808 2345 idem

185 2396 503 2426 romanarum
545 2381 829 2441 linguarum
873 2381 1125 2426 scientiam
1166 2381 1244 2426 uel
1285 2379 1534 2425 modicam
1578 2379 1805 2431 tenuerit,

184 2459 314 2504 haud
340 2458 535 2503 difficile
561 2459 919 2504 animaduertet
944 2473 1045 2504 non
1077 2459 1245 2504 omnia
1276 2473 1399 2519 quae
1430 2456 1808 2502 obseruauimus

182 2537 232 2580 in
268 2551 497 2581 romanas
524 2536 718 2596 linguas
756 2536 1026 2588 transiisse3
1057 2536 1230 2587 multa,
1264 2535 1611 2580 euoluentibus
1644 2534 1805 2585 annis,

184 2614 389 2659 omnino
440 2619 763 2659 euanuerunt.
811 2614 941 2672 Quid
987 2629 1104 2659 uero
1152 2614 1202 2657 in
1251 2612 1559 2673 hispanicam
1611 2611 1809 2673 proprie

190 2691 408 2736 transiit?

251 2768 401 2812 Multa
442 2767 642 2827 quidem
685 2767 734 2811 in
773 2767 1186 2831 Peregrinatione
1228 2766 1568 2811 desiderantur
1592 2781 1716 2827 quae
1748 2765 1808 2810 ad

185 2861 286 2889 rem
314 2844 669 2905 explanandam
701 2850 863 2889 essent
888 2845 1041 2889 utilia.
1072 2844 1243 2889 Breuis
1273 2843 1406 2887 enim
1432 2859 1545 2888 cum
1579 2844 1640 2888 sit
1674 2842 1810 2887 libel-

184 2922 276 2972 lus,
331 2937 427 2965 non
480 2936 633 2982 pauca
682 2922 756 2966 uel
808 2920 957 2966 uerba
998 2921 1072 2965 uel
1117 2920 1386 2965 uerborum
1437 2920 1809 2965 coniunctiones

185 2999 378 3043 desunt.
411 2998 589 3049 Sed,ut
614 2998 673 3043 ad
703 3015 724 3041 a
749 2998 1064 3058 phoncticam
1086 3013 1110 3043 ))
1138 2997 1413 3047 redeamus,
1432 2996 1526 3042 hoc
1551 3011 1726 3047 unum,
1758 2996 1808 3040 in

184 3090 236 3120 ea
263 3081 417 3136 parte,
450 3092 537 3136 pro
573 3081 704 3120 certo
736 3075 1021 3120 habendum
1053 3080 1124 3119 est
1156 3074 1450 3135 scripturam
1481 3074 1663 3119 codicis
1695 3087 1809 3118 cum

185 3152 384 3218 reliquis
427 3152 645 3197 eiusdem
690 3152 923 3218 temporis
967 3151 1305 3200 monumentis
1347 3151 1627 3216 Hispaniae,
1671 3155 1717 3194 et
1758 3150 1807 3194 in
