2075 3585
422 266 478 294 DE
510 266 761 294 LATINITATE
794 266 1183 294 PEREGRINATIONIS
1216 267 1274 295 AD
1307 266 1417 295 LOCA
1451 267 1613 296 SANCTA
1738 245 1741 247 Β
1772 269 1835 297 vn

209 375 322 405 cum
348 359 516 404 omnia
546 375 671 419 quae
702 374 903 420 quoquo
935 360 1085 405 modo
1116 360 1167 404 in
1199 360 1598 419 Peregrinatione
1634 361 1835 408 adnota-

208 443 341 487 tione
382 442 533 501 digna
573 457 677 487 esse
718 442 1003 487 uiderentur
1039 442 1300 503 diligenter
1337 444 1667 504 excerpsisset‚
1706 446 1830 490 nihil

205 525 434 586 explicuit
459 540 511 569 ac
537 540 597 570 ne
622 525 887 586 quicquam
913 525 1114 585 quidem
1140 525 1377 586 explicare
1403 527 1663 587 temptauit
1692 544 1700 572 :
1730 528 1824 573 hoc

205 612 306 652 erat
331 612 495 651 tamen
513 622 655 667 opus,
684 621 816 658 cum,
846 606 1090 651 indicibus
1109 622 1135 651 a
1154 606 1443 652 doctissimo
1463 606 1571 651 uiro
1594 607 1646 652 P.
1671 608 1824 669 Geyer

208 689 258 733 in
305 688 517 734 editione
572 689 935 734 accuratissime
993 689 1244 741 confectis,
1303 707 1325 735 ((
1364 690 1585 735 studium
1621 707 1644 736 ))
1701 708 1824 752 quae

208 786 343 816 mera
375 776 499 816 esset
528 771 790 832 descriptio
816 777 862 816 et
887 772 1193 817 enumeratio
1219 772 1269 817 in
1297 773 1492 818 irritum
1517 773 1725 820 caderet.
1755 775 1826 820 Nc

206 855 396 899 mireris
435 869 553 915 ergo
589 860 1031 900 commentatorem
1063 870 1389 916 anonymum,
1426 856 1477 900 in
1511 856 1824 917 ephemeride

206 952 230 981 a
256 937 525 982 Wolfssinio
550 937 707 982 edita¹
738 937 987 998 scripsisse
1015 937 1300 999 praecipuas
1325 938 1636 999 quaestiones
1664 939 1823 1000 scrip-

205 1025 363 1065 torem
389 1020 525 1065 nullo
550 1020 700 1065 modo
726 1035 1017 1080 aggressum
1043 1036 1163 1066 esse.
1748 1020 1751 1021 ⁷

267 1103 435 1163 Itaque
484 1103 545 1148 ad
593 1117 697 1148 rem
754 1109 1075 1151 transeamus.
1127 1104 1420 1165 Praecipuos
1467 1103 1649 1149 libros²
1698 1119 1824 1165 quos

201 1191 384 1231 attenta
418 1201 570 1230 manu
606 1185 800 1231 uersaui
837 1186 887 1230 in
925 1185 1085 1231 indice
1118 1186 1204 1247 qui
1239 1186 1555 1248 subsequitur
1583 1187 1633 1232 in
1664 1203 1822 1232 unum

200 1274 460 1329 congestos
485 1269 724 1314 inuenies.
761 1268 826 1313 Ex
864 1269 1035 1314 multis
1065 1284 1238 1314 eorum
1278 1285 1514 1330 magnam
1549 1285 1628 1315 me
1662 1285 1825 1331 perce-

201 1350 331 1412 pisse
367 1350 630 1396 utilitatem
664 1351 911 1396 immcrito
947 1351 1250 1411 negauerim.
1293 1352 1489 1410 Quanto
1522 1367 1639 1397 uero
1670 1352 1823 1397 maio-

200 1449 305 1479 rem
353 1433 654 1494 perceperim
701 1449 758 1478 ex
803 1433 879 1479 his
926 1434 1203 1495 praecipuis
1250 1434 1445 1479 duobus
1503 1434 1640 1479 libris
1698 1450 1823 1495 quos

200 1515 259 1564 H.
290 1515 477 1561 Goelzer
500 1516 560 1561 de
594 1516 881 1576 Hieronymi
914 1516 1169 1568 Sermone,
1204 1522 1258 1562 tu
1293 1522 1458 1562 autem
1489 1517 1548 1561 de
1586 1516 1824 1562 Sermone

201 1599 425 1660 Gregorii
449 1598 748 1644 Turonensis
775 1598 1011 1660 scripsisti
1036 1599 1115 1643 alii
1140 1599 1372 1644 uiderint.
1403 1599 1473 1644 De
1498 1599 1677 1661 quibus
1702 1599 1821 1660 quid

200 1681 409 1726 sentiam
434 1681 559 1726 duae
585 1697 660 1727 res
684 1681 962 1742 impediunt
987 1682 1109 1743 quin
1134 1682 1349 1743 apertius
1373 1681 1535 1727 dicam
1565 1698 1573 1726 :
1610 1688 1656 1727 te
1688 1681 1821 1726 enim

200 1780 254 1809 ea
279 1780 382 1810 esse
405 1770 570 1810 mente
595 1764 710 1810 satis
737 1765 855 1810 noui
880 1780 1005 1826 quae
1035 1765 1203 1810 laudes
1234 1780 1387 1810 uanas
1421 1771 1468 1810 et
1501 1764 1671 1810 inanes
1697 1764 1819 1809 exis-

196 1847 336 1893 timet
367 1853 413 1893 et
443 1863 469 1893 a
507 1863 556 1893 se
587 1847 794 1893 omnino
837 1853 1111 1899 remoueat3
1155 1848 1214 1893 de
1251 1847 1335 1893 illo
1369 1847 1569 1908 quidem
1605 1852 1651 1893 et
1687 1846 1818 1893 idem

268 2077 296 2099 ι.
324 2068 365 2100 A.
387 2067 429 2099 L.
451 2067 508 2106 L⁸⁷
531 2065 627 2106 XIII,
650 2065 732 2110 592.

262 2133 294 2155 2.
315 2122 528 2156 Nonnullos
547 2131 684 2155 eorum
704 2121 843 2165 quanti
861 2121 996 2156 faciam
1015 2122 1063 2155 sit
1081 2121 1196 2155 uenia
1212 2122 1344 2166 paucis
1362 2121 1527 2157 dicendi.
1549 2121 1818 2156 Recentissime

191 2178 329 2212 doctus
347 2178 408 2211 uir
428 2178 605 2212 Valentin
626 2178 672 2212 de
690 2178 865 2211 doctrina
886 2178 1013 2212 Sancti
1044 2178 1217 2222 Prosperi
1244 2177 1429 2223 Aquitani
1452 2180 1489 2211 et
1516 2177 1711 2221 eleganter
1736 2177 1815 2211 dis-

192 2234 311 2267 seruit
336 2236 373 2268 et
399 2234 541 2268 miram
574 2234 774 2269 scientiam
804 2244 937 2267 rerum
962 2234 1066 2267 illius
1092 2235 1278 2278 temporis
1305 2233 1484 2267 ostendit.
1516 2233 1621 2276 Quae
1648 2243 1742 2267 uero
1770 2233 1816 2267 de

192 2300 370 2324 sermone
396 2290 592 2334 scriptoris
618 2290 804 2333 produxit
833 2291 901 2323 aut
928 2290 1076 2324 nullius
1103 2300 1145 2324 ea
1170 2300 1246 2324 esse
1272 2290 1464 2324 momenti
1487 2290 1566 2334 ipse
1594 2299 1673 2324 non
1700 2289 1816 2323 sensit

190 2348 257 2380 aut
272 2346 389 2380 etiam
404 2346 578 2387 ridicula,
593 2346 762 2390 quadam
778 2346 969 2380 rhetorica
983 2349 1076 2387 arte,
1093 2357 1113 2380 a
1125 2357 1203 2390 qua
1218 2357 1275 2381 res
1287 2347 1456 2380 maxime
1467 2346 1675 2380 abhorrere
1686 2346 1811 2386 debet,

189 2402 374 2443 adhibita⁷
393 2402 584 2446 exposuit.
607 2402 728 2436 Multo
747 2402 972 2445 diligentius
990 2402 1037 2436 de
1056 2403 1240 2436 Sermone
1259 2402 1424 2436 Marcelli
1440 2401 1622 2446 Empirici
1635 2401 1815 2435 disseruit

191 2458 327 2492 doctus
346 2458 408 2492 uir
429 2458 463 2491 S
484 2458 651 2492 Chabert
670 2460 707 2491 et
726 2457 829 2491 idem
850 2458 1109 2492 recentissime
1128 2469 1231 2492 noua
1249 2458 1297 2492 de
1314 2458 1449 2492 eodem
1470 2457 1619 2501 scripsit
1642 2458 1698 2502 (in
1718 2460 1810 2491 Αηη.

189 2513 231 2547 de
251 2512 481 2548 l'Universile'
498 2514 542 2548 de
565 2514 756 2555 Grenoble,
788 2514 887 2558 1901)
909 2525 915 2546 :
946 2515 1009 2548 sed
1037 2514 1142 2558 apud
1172 2525 1264 2548 eum
1288 2524 1448 2558 quoque
1472 2514 1613 2547 frustra
1641 2513 1814 2557 requiras

189 2571 320 2604 omnia
340 2572 497 2615 quaein
515 2571 644 2605 uerbis
661 2581 753 2604 cum
772 2571 908 2605 litteris
933 2571 1081 2605 suffixis
1110 2571 1381 2612 informandis,
1412 2581 1511 2614 quac
1538 2570 1579 2604 in
1606 2580 1679 2603 usu
1708 2580 1812 2614 prae-

190 2627 429 2670 positionum
463 2627 712 2660 adnotatione
746 2627 864 2670 digna
892 2637 968 2661 esse
998 2627 1219 2661 uideantur.
1249 2627 1355 2661 Adde
1384 2626 1490 2670 quod
1515 2626 1676 2669 saepius,
1707 2627 1743 2659 ct
1771 2625 1811 2658 in

192 2683 326 2727 primis
343 2683 383 2716 in
403 2683 613 2717 recentiore
632 2683 773 2721 libello,
795 2683 904 2726 quasi
923 2683 1160 2716 incunabula
1179 2683 1379 2716 domestici
1397 2682 1587 2716 sermonis
1605 2681 1681 2715 iam
1706 2682 1810 2725 apud

191 2739 413 2773 Marcellum
442 2739 648 2772 informata
673 2749 750 2773 esse
773 2739 866 2772 salso
893 2739 1143 2772 existimauit.
1172 2739 1388 2782 Fredegarii
1419 2738 1706 2772 Chronicorum
1740 2737 1810 2771 lin-

192 2805 288 2838 guae
311 2795 408 2839 quid
435 2795 482 2828 sit
508 2794 713 2839 proprium
733 2795 901 2829 dilucide
927 2795 1212 2839 diligenterque
1234 2795 1411 2839 exposuit
1437 2804 1563 2838 nuper
1589 2794 1724 2827 doctus
1753 2794 1814 2826 uir

191 2851 313 2894 llaag:
334 2851 459 2884 multa
478 2861 571 2885 uero
589 2851 635 2884 ab
663 2862 707 2883 co
730 2851 953 2894 praeterita3
982 2851 1175 2895 quaedam
1203 2851 1321 2884 ctiam
1350 2850 1448 2884 malc
1475 2850 1676 2893 explanata
1705 2850 1811 2888 sunt,

191 2909 237 2940 ut
255 2907 334 2950 ipse
351 2907 619 2940 demonstraui
646 2907 707 2945 (cs.
734 2907 846 2947 infra,
874 2907 955 2940 ind.
976 2906 1063 2940 libr.
1091 2907 1163 2940 sub
1192 2907 1354 2941 nominc
1379 2906 1513 2949 Haag.)
1544 2905 1813 2941 Recentissimc

190 2962 360 3006 denique
377 2962 513 2996 doctus
534 2962 595 2995 uir
614 2962 814 3005 Bellangcr
833 2962 1062 2997 Sermonem
1082 2962 1270 2996 Antonini
1297 2962 1508 2996 Placentini
1533 2963 1680 2996 attente
1706 2971 1813 3004 pers-

159 3035 162 3039 ·
188 3021 363 3052 crutatus
398 3021 454 3052 est
488 3020 525 3052 et
555 3018 701 3062 aliquid
742 3018 835 3052 noui
881 3018 928 3052 ad
967 3019 1129 3052 latinam
1162 3018 1339 3062 linguam
1375 3028 1452 3062 qua
1489 3018 1547 3051 usi
1593 3019 1686 3051 sunt
1732 3016 1815 3050 Itali

192 3074 253 3107 VI0
270 3075 421 3109 saeculo
438 3074 582 3108 attulit.
609 3075 690 3108 Non
710 3075 798 3108 satis
818 3074 943 3108 multa
969 3077 1099 3109 tamen
1128 3075 1317 3118 exempla,
1354 3085 1442 3109 mco
1466 3074 1627 3119 quidem
1656 3073 1811 3113 iudicio,

195 3140 214 3163 e
232 3130 364 3164 ceteris
383 3144 400 3160 «
419 3130 517 3163 italis
537 3145 552 3161 =›
573 3130 824 3179 scriptoribus
844 3130 890 3163 ad
910 3141 993 3166 rem
1013 3130 1153 3164 clarius
1173 3130 1457 3176 explanandam
1477 3129 1675 3174 excerpsit.
