2075 3585
749 299 955 329 erTAx1s
989 298 1228 327 VERBORVM
1742 283 1795 337 93

245 392 386 441 Cum.
409 420 468 426 —
498 391 619 438 Cum
649 402 954 454 peruentum
982 392 1199 453 fuerit...
1241 389 1430 434 dieitur
1462 388 1793 450 (duodecies);

178 486 288 514 eum
334 471 610 531 coeperit...
662 468 912 514 deducunt
955 467 1176 530 (octies);
1224 483 1334 511 eum
1381 467 1633 511 uenerit...
1679 466 1799 511 cele-

176 546 400 597 brantur,
440 546 792 597 adtenduntur,
837 544 948 606 (ter)
985 545 1063 607 78,
1097 561 1142 597 1;
1204 559 1309 595 100,
1338 545 1417 595 15;
1465 542 1543 595 82,
1583 542 1628 587 8.
1669 541 1794 589 Cum

175 624 370 684 sactum
390 623 563 684 suerit,
596 622 673 684 93,
700 638 780 671 22ς
810 639 921 667 eum
947 622 1090 683 facta
1112 621 1329 683 fuerit...
1360 619 1572 671 ducitur,
1602 619 1680 671 84,
1712 636 1794 672 22;

181 715 258 761 79,
292 699 365 745 16.
401 700 474 745 Cf.
504 714 701 760 quoque
727 699 805 750 83,
836 700 884 749 4:
916 715 1031 742 eum
1066 696 1321 743 celebrata
1340 697 1602 757 fuerint...
1638 697 1800 742 mittet

177 776 432 837 (mittit)...
479 782 526 822 et
566 776 699 821 dicit.
746 776 819 821 Cf.
868 775 945 836 67,
991 777 1073 827 15;
1119 790 1197 836 90,
1245 790 1330 826 223
1368 774 1444 835 98,
1482 773 1563 826 13;
1600 774 1677 835 96,
1714 789 1797 825 223

179 853 257 904 88,
288 870 359 899 10.

244 937 371 982 Cum
397 947 448 981 a!
469 935 556 981 alu·
577 936 747 982 eadem
768 936 925 981 forma
945 935 1124 981 decies1
1148 933 1359 981 occurrit
1383 950 1392 979 :
1420 944 1471 981 at
1491 933 1579 979 ubi
1596 945 1802 979 uentum

175 1015 388 1070 fuerit...
430 1013 619 1075 incipit,
657 1013 736 1074 87,
780 1013 852 1058 13.
893 1012 966 1058 Cf.
998 1012 1075 1073 89,
1108 1012 1160 1064 3;
1199 1012 1277 1064 88,
1314 1011 1399 1065 233
1440 1027 1518 1073 90,
1554 1028 1599 1065 13
1632 1012 1707 1072 76,
1747 1012 1798 1063 83

180 1093 256 1152 75,
295 1093 345 1143 5;
394 1106 469 1151 72,
509 1106 591 1141 20·.
633 1090 712 1142 81,
753 1090 835 1141 26;
882 1089 959 1142 85,
999 1091 1077 1141 15;
1117 1089 1195 1140 85,
1235 1089 1279 1139 4.
1328 1088 1457 1135 Cum
1493 1088 1580 1134 ubi
1620 1104 1802 1135 nouem

177 1168 413 1229 exempla.

243 1251 366 1298 Item
424 1265 538 1296 cum
584 1261 948 1312 posteaquam2
995 1267 1004 1294 z
1054 1260 1394 1313 posteaquam
1450 1251 1609 1295 missa
1653 1254 1803 1309 faeta

175 1328 348 1383 fuerit,
379 1326 456 1379 85,
491 1342 564 1372 10.
595 1325 669 1372 Cf.
700 1326 777 1387 98,
803 1325 888 1378 303
918 1342 996 1387 91,
1022 1325 1109 1378 303
1140 1325 1218 1377 84,
1253 1341 1329 1386 27.

241 1410 348 1456 Alia
381 1425 579 1472 quoque
613 1410 832 1471 exempla
865 1407 1222 1455 adhibeamus:
1246 1419 1365 1471 post
1405 1408 1670 1470 aliquando
1713 1423 1803 1470 pro

169 1498 446 1550 postquam
479 1503 583 1533 esse
616 1487 836 1549 positum
871 1485 1086 1532 admittit
1122 1485 1302 1532 Paulus
1340 1485 1495 1547 Geyer
1522 1492 1568 1531 et
1592 1486 1635 1532 ei
1661 1485 1806 1547 plane

177 1564 580 1611 adsentiendum3
606 1581 614 1609 :
637 1575 755 1627 post
776 1565 1005 1610 uenerint
1030 1569 1197 1610 autem
1223 1563 1325 1610 dies
1350 1563 1575 1625 paschae,
1606 1578 1722 1609 mox
1749 1562 1806 1608 fit

177 1642 351 1694 oratio,
382 1658 460 1704 99,
496 1658 534 1686 1.

243 1725 347 1770 Iam
380 1740 499 1770 uero
533 1740 647 1770 eum
681 1726 777 1771 fere
811 1738 1005 1786 quaque
1038 1723 1406 1776 coniunctione,
1438 1723 1576 1770 omni
1609 1723 1804 1785 elegan-

176 1802 270 1849 tiae
297 1818 412 1848 eura
437 1807 643 1854 remota,
684 1802 815 1848 idem
850 1801 1031 1848 euenit.
1071 1799 1194 1847 Mox
1221 1802 1378 1847 missa
1405 1806 1551 1861 facta
1576 1802 1800 1863 fuerit...

245 1990 273 2012 1.
305 1978 459 2022 Septem
479 1980 637 2012 tantum
658 1978 833 2022 exempla
851 1977 957 2022 apud
976 1978 1141 2020 Bechtel,
1163 1989 1200 2023 p.
1223 1989 1300 2012 121.

241 2048 273 2071 2.
305 2037 436 2071 Vnum
455 2040 612 2071 tantum
632 2038 858 2082 exemplum
883 2047 977 2071 cum
997 2039 1194 2082 postquam
1219 2037 1324 2082 apud
1353 2037 1589 2081 Gregorium
1607 2037 1804 2073 Turonen-

177 2104 258 2128 sem
278 2094 361 2127 Max
380 2094 529 2128 Bonnet
547 2093 752 2128 adnotauit
770 2105 776 2127 :
801 2107 818 2124 «
835 2093 1151 2128 Ordinairement
1164 2095 1359 2139 postquam
1374 2096 1430 2128 est
1444 2095 1636 2129 construit
1654 2105 1808 2130 comme

177 2148 196 2183 a
214 2147 392 2193 l'epoque
415 2150 646 2194 classique.»
669 2149 751 2194 (Op.
781 2149 893 2191 lauet,
916 2161 954 2194 p.
981 2149 1062 2191 684,
1086 2161 1125 2183 n.
1158 2150 1208 2194 4.)
1237 2149 1353 2194 Apud
1381 2151 1636 2194 Draegerium
1656 2151 1808 2185 nullam

177 2205 420 2240 mentionem
441 2205 728 2240 coniunctionis
742 2208 983 2251 posteaquam
998 2216 1091 2240 eum
1110 2206 1364 2240 coniunctiuo
1383 2205 1532 2240 inueni.

240 2265 274 2298 3.
303 2265 434 2299 Altero
453 2275 547 2299 uero
565 2265 744 2309 exemplo
764 2265 871 2309 quod
892 2265 983 2299 Paul
1006 2265 1128 2309 Geyer
1146 2265 1187 2299 in
1203 2265 1381 2300 medium
1400 2267 1514 2300 uocat
1529 2266 1625 2310 (ltin.
1644 2266 1804 2307 Hieros„

177 2331 216 2365 p.
250 2321 353 2364 4¹1⁸)
389 2321 488 2354 nihil
531 2321 687 2365 probari
720 2321 817 2355 mihi
852 2321 1037 2363 uidetur;
1069 2321 1132 2356 hie
1159 2323 1216 2355 est
1244 2321 1351 2356 enim
1377 2321 1509 2356 locus:
1533 2323 1667 2366 etpost
1684 2322 1804 2357 diaett:

178 2377 327 2411 Domine
344 2378 436 2417 Iesu,
458 2378 495 2411 tu
514 2377 743 2421 promiseras
768 2377 884 2418 nobis,
915 2377 972 2418 63,
1004 2388 1034 2410 1.
1064 2377 1134 2411 Cui
1167 2378 1249 2412 loco
1273 2377 1539 2421 neglegentiae
1566 2377 1688 2413 inesse
1710 2378 1807 2412 indi-

176 2433 282 2467 cium
301 2433 586 2475 confitendum,
607 2433 673 2467 sed
691 2433 815 2467 cuiuis
843 2435 948 2477 patet
973 2434 1056 2476 post
1085 2433 1169 2466 uim
1196 2432 1372 2468 aduerbii
1391 2432 1519 2467 deinde
1536 2433 1667 2478 potius
1687 2443 1808 2478 quam

177 2489 462 2524 coniunctionis
475 2491 671 2534 postquam
690 2491 833 2524 tenere.
856 2489 945 2523 Eius
972 2489 1078 2523 modi
1103 2489 1280 2533 exempla
1308 2489 1494 2533 praebent
1523 2490 1677 2524 exordia
1702 2501 1806 2532 usus,

179 2556 270 2590 quo,
308 2546 349 2580 in
383 2545 555 2580 romanis
589 2545 734 2589 linguis
762 2547 859 2589 post,
893 2545 1002 2579 locali
1029 2555 1143 2579 sensu
1173 2545 1326 2587 amisso,
1353 2546 1609 2590 temporalem
1628 2546 1807 2581 admisit:

178 2601 344 2646 exempli
363 2601 496 2645 gratia,
518 2601 674 2645 sr.-gall.
690 2600 776 2645 puis
796 2601 822 2636 iz
839 2601 919 2645 dit).

253 2660 301 2695 vt
329 2661 460 2694 onmia
488 2660 535 2694 de
557 2662 800 2706 posteaquam
826 2661 898 2695 hoc
933 2661 1016 2695 loco
1050 2660 1276 2704 scribamus,
1312 2660 1540 2696 addendum
1573 2664 1810 2707 posteaquam

179 2727 271 2751 cum
299 2716 552 2751 coniunctiuo
579 2717 668 2760 plus
693 2727 814 2760 quam
843 2717 1002 2760 perfecti
1027 2716 1146 2751 semel
1170 2716 1243 2761 (60,
1278 2716 1346 2762 16),
1375 2727 1467 2751 eum
1491 2717 1703 2752 indicatiuo
1722 2718 1810 2763 plus

180 2783 300 2817 quam
330 2772 487 2817 perfecti
518 2772 635 2806 semel
673 2783 833 2817 quoque
868 2772 1051 2817 reperiri:
1086 2774 1328 2817 posteaquam
1357 2773 1538 2819 freqerat,
1574 2774 1630 2815 40,
1664 2775 1720 2808 25.
1756 2774 1810 2807 Ex

181 2829 325 2872 quibus
345 2828 529 2872 exemplis
548 2828 739 2872 posterius
757 2830 914 2862 tantum
933 2830 1078 2863 rectam
1097 2829 1430 2863 constructionem
1448 2831 1744 2864 commemorat.

245 2888 293 2921 Vt
334 2887 504 2931 denique
545 2886 593 2920 de
636 2887 705 2920 hac
755 2887 1031 2921 coniunctione
1075 2887 1173 2921 nihil
1215 2888 1570 2931 praetermittatur,
1615 2888 1713 2922 illud
1755 2889 1811 2922 est

181 2943 487 2985 obseruandum,
510 2944 707 2988 postquam
734 2943 1066 2987 comparationem
1091 2943 1264 2988 quodam
1290 2944 1408 2979 modo
1433 2944 1660 2988 significare,
1688 2944 1738 2977 ita
1765 2945 1812 2977 ut

182 3000 286 3044 apud
306 3002 454 3034 ueteres
472 2999 675 3043 scriptores
707 2999 948 3033 uocabulum
976 2999 1194 3044 saepissime
1221 3001 1426 3044 separatim
1460 3001 1648 3045 scriptum
1680 3009 1810 3034 occur-

184 3058 254 3090 rat.
281 3057 337 3090 Cf.
361 3057 538 3099 Draeger,
559 3056 696 3090 Histor.
720 3057 873 3099 Syntax,
907 3056 950 3097 ΙΙ,
983 3056 1063 3101 590.
1087 3056 1184 3090 Item
1208 3055 1314 3100 apud
1340 3056 1562 3091 Etheriam:
1592 3058 1674 3100 post
1703 3055 1810 3089 biduo

184 3122 293 3157 quam
322 3112 372 3146 ibi
394 3113 574 3157 feceram,
610 3111 666 3153 68,
697 3112 735 3153 ά;
764 3111 820 3157 ζεῖ.
853 3121 976 3156 paruo
1001 3113 1084 3156 post
1122 3113 1299 3156 tempore
1332 3122 1455 3157 quam,
1485 3112 1595 3154 Idat.,
1626 3111 1730 3154 Chr„
1763 3111 1811 3145 ad

183 3178 337 3203 annum
357 3168 438 3208 450.
