2075 3585
903 266 957 293 DE
992 265 1151 294 ronxns
1787 250 1840 296 35

217 356 293 400 hii
315 373 368 401 ex
396 357 609 417 quadam
640 358 927 404 confusione
971 376 1084 404 cum
1122 362 1161 404 iz·
1183 361 1440 406 defluxisse
1483 362 1597 407 satis
1637 378 1842 407 consen-

216 439 415 478 taneum
441 440 556 478 est1.

280 578 349 623 De
370 578 452 622 Ιιίσ
472 578 639 638 paucis
660 578 1020 630 disserendum,
1045 596 1159 625 cum
1180 596 1277 625 una
1299 586 1492 626 tantum
1517 582 1672 627 forma
1692 583 1841 640 digna

215 655 410 714 sitquae
430 660 653 700 notetur:
683 653 1033 718 [fundamenta]
1048 692 1055 700 .
1069 692 1098 700 ..
1117 656 1212 700 lmz’
1228 670 1239 685 ‘³
1268 663 1382 702 sunt
1401 658 1460 703 de
1480 659 1677 718 palatio,
1696 662 1772 720 57,
1792 661 1837 704 8.

214 730 357 788 Quod
378 731 657 791 exemplum
677 748 791 777 cum
816 732 944 792 apud
977 733 1219 777 l⁴1tlieriam
1241 735 1443 778 unicum
1470 750 1572 780 esse
1598 735 1838 786 uideatur,

215 823 315 853 non
351 823 771 869 superuacaneum
814 809 1015 853 forsitan
1061 810 1121 854 sit
1164 810 1223 855 (le
1258 827 1314 856 eo
1359 812 1511 856 fusius
1552 812 1837 873 disceptare.

215 884 402 942 Quodsi
426 885 653 930 librarius
682 885 746 931 sie
774 901 822 930 re
845 902 954 930 uera
979 887 1186 947 scripsit,
1218 887 1337 932 illud
1358 888 1712 934 admittendum
1728 905 1840 934 eum

211 977 266 1006 ex
290 962 504 1022 quadam
531 963 820 1008 confusione
844 979 958 1007 cum
979 964 1135 1009 forma
1162 965 1286 1009 leaeo
1312 980 1400 1025 pro
1421 966 1514 1010 leae
1534 967 1584 1010 in
1605 967 1842 1012 feminino

214 1039 420 1099 plurali3
446 1040 496 1084 in
521 1055 737 1085 errorem
763 1039 1008 1085 cecidisse.

276 1115 449 1161 Vtrum
475 1103 556 1160 liic
581 1133 751 1162 rursus
775 1133 865 1178 pro
887 1118 943 1162 lei
965 1118 1182 1178 positum
1210 1119 1382 1164 sithoc
1407 1119 1515 1165 loco
1544 1138 1564 1163 α
1588 1136 1737 1181 quam
1760 1121 1841 1166 seio

211 1193 522 1254 appellant»,
553 1194 630 1246 82,
663 1193 738 1245 28,
767 1193 1030 1240 incertum.
1065 1195 1174 1239 Veri
1209 1196 1417 1242 similius
1443 1202 1514 1242 est
1548 1197 1596 1241 id
1623 1198 1841 1243 aduerbii

214 1270 405 1316 uicibus
425 1271 566 1331 fungi
578 1274 611 1317 ἃ.

277 1421 346 1466 De
368 1420 663 1481 pronomine
690 1419 774 1465 ille
800 1437 997 1482 quoque
1017 1438 1187 1483 pauca.
1207 1420 1363 1467 Illum
1389 1423 1642 1484 palatium,
1667 1427 1743 1477 64,
1760 1443 1836 1479 20,

213 1513 313 1542 non
339 1497 399 1542 ad
431 1498 701 1542 neutralem
728 1498 939 1543 formam
975 1499 1214 1558 pertinere
1250 1499 1466 1551 uidetur3
1504 1516 1557 1546 ea
1592 1502 1658 1547 ita
1694 1503 1841 1548 liben-

216 1574 310 1619 tius
335 1579 406 1619 est
425 1573 729 1635 explananda
765 1580 818 1619 ut
852 1575 1081 1620 admittas
1115 1591 1170 1620 ex
1205 1576 1550 1622 terminatione
1586 1595 1669 1622 um
1705 1580 1839 1625 uocis

212 1651 458 1711 sequentis
486 1650 778 1712 (palatium)
811 1666 1130 1697 communem
1175 1654 1386 1698 formam
1430 1652 1562 1698 illm!
1600 1655 1651 1699 in
1693 1655 1838 1701 iliam

211 1732 453 1772 mutatam
487 1743 612 1777 esse:
651 1728 783 1790 quod
815 1745 872 1774 eo
898 1729 997 1774 ueri
1027 1730 1236 1776 similius
1273 1736 1345 1776 est
1378 1731 1511 1791 quod
1538 1733 1837 1777 uocabulum

210 1806 523 1863 mester-iorem.
558 1804 728 1849 eadem
754 1805 1042 1850 confusione
1072 1807 1211 1867 quasi
1247 1807 1477 1852 affectum
1512 1809 1837 1854 masculinam

211 1880 419 1926 formam
446 1882 609 1942 ipsum
635 1881 868 1942 adeptum
893 1888 980 1927 est.
1009 1883 1078 1928 De
1103 1900 1201 1943 quo
1225 1900 1338 1929 eum
1367 1884 1414 1928 in
1440 1884 1608 1929 animo
1629 1885 1688 1930 sit
1713 1886 1837 1931 infra

209 1957 489 2009 ‹lissere1·e=·›‚
529 1958 587 2003 ad
630 1974 743 2004 eum
785 1959 950 2004 locum
978 1960 1254 2020 longiorem
1289 1977 1485 2022 quoque
1519 1962 1586 2006 rei
1612 1962 1838 2023 explana-

212 2034 396 2080 tionem
432 2035 679 2080 remittere
715 2035 856 2081 nobis
893 2036 1048 2081 liceat.
1087 2037 1157 2082 De
1193 2038 1362 2083 ceteris
1397 2038 1630 2099 exemplis
1656 2039 1834 2100 quibus

210 2128 255 2156 m
286 2111 607 2163 desideratur,
637 2112 789 2157 ueluti
816 2111 906 2156 illa
936 2113 1207 2176 perlegerit
1239 2130 1327 2175 pro
1357 2114 1519 2165 illam,
1549 2117 1628 2166 85,
1661 2117 1705 2167 Δ,
1736 2117 1832 2162 fere

209 2188 397 2234 nullam
424 2188 522 2234 iam
545 2188 850 2234 mentionem
877 2189 1150 2235 faciendam
1176 2206 1449 2236 censemus

274 2334 325 2378 ln
348 2335 644 2396 pronomine
664 2336 769 2396 ipse
790 2337 1023 2382 neutralis
1051 2337 1207 2382 forma
1228 2338 1381 2398 ipsud
1400 2338 1634 2383 notanda.
1653 2339 1834 2396 Quem-

205 2410 476 2457 admodum
542 2412 753 2457 Romani
815 2411 913 2461 ille,
975 2413 1085 2468 illa,
1145 2413 1277 2459 illm!
1339 2414 1581 2465 (licebant,
1628 2416 1710 2467 sio,
1750 2417 1833 2478 qui

206 2488 405 2548 quidem
433 2504 657 2535 sermone
684 2490 877 2551 uulgari
903 2496 1174 2541 uterentur,
1205 2492 1322 2552 ips-e.
1356 2493 1480 2552 ipsa,
1516 2493 1676 2554 ipsud,
1710 2510 1834 2554 quae

282 2642 308 2663 ι.
340 2630 395 2665 Cf.
418 2630 469 2664 hit
489 2641 549 2675 ap.
572 2631 857 2675 Fredegarium,
880 2635 996 2667 In’evue
1015 2632 1057 2665 (Ie
1076 2633 1382 2677 I’hil.fr(1m;aise,
1407 2646 1505 2678 1900,
1527 2645 1563 2678 p.
1591 2634 1665 2668 1452.

280 2698 310 2719 2.
344 2687 480 2719 Forma
499 2686 602 2720 deest
619 2697 679 2730 ap.
700 2688 813 2721 Neue.

275 2742 307 2775 3.
337 2742 450 2785 Quod
479 2743 526 2775 ad
571 2743 658 2776 haec
697 2744 991 2777 nominatiuum
1023 2745 1215 2788 pluralem
1258 2745 1491 2780 femininum
1515 2746 1652 2780 attinet
1676 2747 1832 2780 consule

206 2799 368 2834 Bonnet,
401 2798 421 2831 1.
436 2809 480 2838 s„
503 2810 539 2842 p.
562 2798 715 2843 388-389
735 2811 740 2831 z
769 2814 785 2827 «
805 2800 1033 2835 L'existenco
1052 2801 1098 2835 de
1117 2801 1204 2834 haec
1219 2799 1380 2835 seminin
1401 2802 1539 2846 plui-iel
1564 2813 1609 2836 no
1638 2805 1730 2846 peut
1752 2803 1831 2836 etro

203 2853 390 2899 revoquee
415 2865 462 2888 en
482 2855 613 2889 doute.
632 2870 647 2885 υ

278 2911 307 2948 4.
339 2910 408 2944 Sed
441 2920 501 2953 ap.
530 2910 753 2944 Valerium:
778 2925 793 2939 ιι
811 2911 1004 2953 Quoniam
1033 2915 1234 2956 propterea
1264 2913 1320 2946 hic
1351 2913 1427 2946 suis
1455 2924 1530 2947 non
1566 2914 1710 2947 miserti
1739 2918 1830 2948 sunt

207 2966 393 3000 membris
410 2980 425 2996 »
447 2968 504 3003 (P.
520 2968 576 3005 L.,
606 2966 663 3011 87,
686 2966 752 3012 527
773 2968 830 3001 A..
864 2968 920 3001 Cf.
949 2968 1013 3001 llic
1033 2967 1086 3001 illi
1111 2969 1179 3011 qui
1211 2979 1326 3012 supra
1344 2970 1547 3012 praefati...
1570 2970 1671 3011 ibici„
1694 2971 1760 3015 427
1784 2971 1826 3003 Ι).

207 3022 262 3054 (Is.
288 3022 352 3060 ‘130
383 3022 422 3062 (2,
453 3022 520 3055 ubi
550 3022 586 3055 hi
613 3022 768 3065 legitur,
798 3033 1028 3066 quanquam
1064 3024 1238 3067 plerique
1269 3025 1415 3059 codices
1450 3026 1506 3059 hic
1538 3026 1721 3068 praebent
1748 3026 1830 3063 illio

207 3077 359 3120 antiqui
380 3077 624 3121 gradientes).

277 3134 310 3167 5.
341 3134 396 3166 (js.
419 3134 515 3167 infra
537 3135 636 3176 Synl.
