2075 3585
313 284 391 326 126
520 297 575 323 DE
607 294 859 323 LATlNl'lthE
892 292 1282 322 PEREGRINATIONIS
1316 294 1372 321 AD
1407 294 1518 320 LOC&
1553 291 1710 320 srxNCTA

373 390 423 435 Si
465 388 676 450 denique
723 388 988 434 nonnullas
1038 403 1201 439 uoces,
1249 387 1383 432 uelut
1425 386 1738 431 commorari
1783 385 1927 447 (hisp.

306 465 633 526 commorar),
663 466 861 510 morari
882 465 1033 527 (hisp.
1074 464 1287 525 molar),
1321 462 1519 524 plicare
1543 462 1696 523 (hisp.
1727 460 1927 526 llegar),

305 544 474 589 subire
507 542 655 603 (hisp.
697 541 876 599 subir),
912 542 1221 603 hispanicam
1261 541 1359 586 iam
1385 540 1616 602 :linguam
1643 538 1933 584 denuntiare

306 621 562 667 admittere
595 619 733 670 uelis,
774 619 859 664 tibi
899 620 1068 665 subeat
1101 619 1326 664 animum
1368 618 1684 662 mansionem
1715 631 1930 677 quoque,

300 697 521 760 pullum,
568 696 1093 749 consuetu(lz'nam‘mn‚
1144 712 1268 757 quae
1309 694 1469 740 adhuc
1512 693 1690 738 indicia
1733 693 1934 754 gallicae

306 774 560 822 latinitatis
584 773 752 820 habita
778 780 910 826 sunt,
940 790 1209 820 occurrere.

373 979 501 1038 Quid
526 996 581 1025 ex
610 979 685 1024 his
711 979 855 1023 rebus
875 978 936 1023 sit
961 976 1358 1023 concludendum
1385 992 1518 1021 nunc
1544 975 1711 1037 paucis
1730 974 1935 1036 explice-

307 1072 436 1102 mus.
476 1057 699 1102 Primum
733 1055 960 1101 omnium
997 1071 1056 1100 ne
1093 1054 1284 1099 mireris
1326 1054 1620 1114 paucissima
1654 1058 1839 1098 exstare
1882 1052 1934 1096 in

309 1149 533 1179 sermone
559 1149 656 1194 quo
685 1133 881 1177 Etheria
906 1147 994 1176 usa
1030 1137 1102 1176 est
1136 1147 1260 1192 quae
1295 1131 1541 1191 originem
1575 1130 1826 1191 scriptoris
1857 1129 1935 1174 de-

308 1211 539 1256 nuntient
562 1227 570 1254 :
601 1210 774 1256 doctus
795 1210 929 1255 enim
949 1209 1026 1254 uir
1046 1209 1239 1268 Carnoy
1259 1224 1375 1253 cum
1394 1223 1566 1253 omnes
1589 1206 1935 1268 inscriptiones

309 1288 569 1349 Hispaniae
611 1303 734 1347 quae
776 1287 826 1331 in
870 1286 1020 1331 uariis
1064 1285 1465 1346 «corporibus»,
1514 1301 1637 1345 quae
1680 1284 1930 1335 dicuntur,

308 1365 495 1426 prolata
522 1371 637 1410 sunt
668 1364 1029 1409 accuratissime
1064 1362 1416 1424 perpendisset,
1448 1362 1498 1406 in
1531 1362 1597 1407 eis
1633 1361 1936 1422 aliquantula

308 1448 504 1487 tantum
529 1441 812 1487 discrimina
845 1440 1195 1485 animaduertit
1230 1439 1411 1500 quibus
1444 1439 1622 1484 harum
1654 1438 1937 1499 inscriptio—

310 1535 431 1564 num
473 1520 643 1580 lingua
685 1534 798 1564 cum
840 1518 1007 1579 lingua
1050 1523 1322 1563 ceterarum
1371 1517 1638 1562 latinarum
1682 1532 1781 1561 non
1823 1531 1939 1561 con-

310 1612 484 1657 gruere
510 1596 777 1641 uideretur.

376 1680 641 1725 Peculiaria
690 1685 855 1724 tamen
909 1679 1067 1723 inesse
1115 1678 1331 1723 sermoni
1387 1677 1833 1742 l’e1·egs‘i1mti(mix,
1887 1676 1938 1720 in

311 1774 506 1818 quaque
564 1757 913 1817 grammaticae
966 1761 1117 1816 parte,
1177 1755 1287 1815 quis
1347 1754 1631 1815 negaueriti)
1685 1753 1937 1812 Quaedam

310 1840 474 1879 tamen
500 1851 553 1878 ea
578 1850 681 1879 esse
707 1833 942 1878 uidentur
966 1847 1090 1893 quae
1115 1832 1220 1876 ueri
1247 1831 1492 1877 similibus
1518 1831 1760 1877 rationem
1787 1846 1939 1891 quan-

311 1912 425 1957 dam
467 1911 658 1956 dicendi
704 1910 1095 1955 humanissimae
1144 1909 1210 1953 illi
1256 1908 1449 1954 mulieri
1492 1908 1743 1969 propriam
1786 1923 1937 1969 quam

310 1988 504 2034 dicendi
530 1989 772 2034 rationem
799 1988 1066 2032 hominum
1093 1986 1175 2047 qui
1212 1986 1261 2030 in
1289 1986 1459 2031 eadem
1488 1986 1688 2047 regione
1713 2001 1809 2047 qua
1834 1985 1939 2046 ipsa

312 2068 507 2112 suerunt
529 2066 838 2111 denuntient.

376 2150 451 2196 Fit
486 2166 683 2211 quoque
714 2156 769 2195 ut
804 2150 959 2194 multa
997 2149 1119 2193 nihil
1156 2148 1287 2193 aliud
1324 2164 1474 2208 quam
1518 2147 1939 2208 neglegentiorem

313 2228 557 2273 scribendi
584 2228 827 2272 rationem
854 2227 1086 2273 indicent.
1123 2225 1558 2284 Quemadmodum
1586 2225 1718 2285 loqui
1755 2224 1942 2270 solebat

313 2305 525 2356 Etheria,
556 2305 621 2350 sic
647 2305 855 2365 scripsit,
900 2304 1039 2349 omni
1065 2303 1307 2364 politioris
1340 2302 1583 2348 scribendi
1609 2302 1800 2361 generis
1826 2317 1941 2347 cura

314 2388 519 2427 remota.
550 2382 700 2427 Multa
733 2397 856 2443 quae
887 2381 1118 2426 lectorem
1158 2380 1417 2425 offendunt
1442 2380 1574 2425 nulla
1601 2380 1692 2425 alia
1717 2395 1772 2425 ex
1797 2395 1941 2425 causa

314 2459 576 2520 procedere
603 2459 854 2504 uidentur.

384 2541 572 2600 Quodsi
615 2542 800 2603 aliquid
842 2542 939 2586 iam
982 2540 1221 2602 hispanici
1267 2540 1430 2585 libello
1474 2530 1632 2585 inesse
1681 2540 1941 2585 admittere

316 2619 452 2669 uelis,
486 2619 762 2664 cauendum
799 2635 858 2663 ne
889 2618 939 2662 in
973 2634 1029 2663 eo
1062 2617 1239 2662 indicia
1274 2618 1472 2677 linguae
1509 2617 1649 2678 quasi
1675 2617 1772 2662 iam
1808 2632 1944 2678 prae-

316 2696 552 2742 l'ormatae
576 2696 812 2757 requiras.
843 2695 1140 2740 Discrimina
1162 2694 1323 2754 qualia
1352 2709 1484 2738 nunc
1519 2695 1568 2738 in
1606 2694 1824 2739 romanis
1850 2694 1943 2738 lin-

314 2773 425 2834 guis
473 2778 662 2818 exstant
712 2772 954 2833 posterius
995 2771 1198 2816 demum
1245 2770 1505 2816 obseruare
1549 2770 1675 2816 licet.
1726 2770 1821 2816 Sed
1863 2770 1941 2815 cui

316 2865 416 2896 non
451 2850 604 2910 liquet
637 2850 896 2911 scriptores
930 2848 1015 2909 qui
1050 2853 1242 2899 octauo,
1288 2847 1366 2892 uel
1408 2847 1555 2892 etiarn
1592 2847 1803 2908 septimo
1830 2852 1942 2907 post

315 2927 572 2973 Christum
599 2926 790 2971 saeculo
816 2926 964 2971 latine
991 2925 1291 2986 scripserunt
1314 2924 1474 2984 magis
1506 2940 1559 2969 ac
1587 2924 1747 2985 magis
1772 2924 1943 2984 lingua

316 3005 511 3065 scripta,
542 3018 642 3048 non
669 3003 765 3048 iam
788 3002 1104 3063 pronuntiata
1130 3017 1245 3047 usos
1271 3002 1403 3046 esse?
1428 3001 1733 3046 Incunabula
1756 3001 1945 3062 lingua-

317 3097 430 3125 rum
471 3095 791 3126 romanarum
842 3079 893 3123 in
945 3078 1137 3139 scriptis
1188 3078 1430 3138 surripere
1468 3078 1625 3123 rarius
1677 3077 1937 3138 contingit,

323 3158 507 3219 quippe
532 3172 655 3218 quae
681 3156 900 3218 primum
935 3154 1402 3201 obscurissimorum
1432 3154 1698 3201 hominum
1733 3170 1816 3200 ore
1846 3153 1945 3200 sint
