2075 3585
795 579 1087 634 CAPVT
1160 577 1279 631 III

858 999 932 1053 De
981 1000 1224 1054 Formis.

642 1214 714 1270 A.
759 1212 849 1270 DE
897 1212 1422 1271 DECLINATIONIBVS

292 1391 431 1437 Hanc
473 1407 576 1436 rem
620 1391 863 1452 tripertito
906 1390 1100 1436 tractari
1141 1405 1289 1435 nemo
1330 1387 1610 1439 mirabitur,
1648 1402 1762 1432 cum
1796 1385 1855 1431 de

229 1467 641 1514 declinationibus
678 1468 945 1513 nominum
990 1467 1277 1518 latinorum,
1317 1480 1626 1527 graecorum,
1664 1463 1857 1508 hebrai—

229 1560 404 1591 corum
426 1545 580 1592 acturi
606 1545 788 1598 simus;
828 1560 1045 1606 quorum
1076 1544 1250 1605 primis
1287 1542 1482 1588 studere
1516 1541 1716 1587 maioris
1752 1555 1855 1585 esse

228 1623 471 1668 momenti
496 1638 646 1685 quam
672 1622 842 1668 ceteris
868 1621 1026 1668 cuiuis
1052 1626 1442 1667 consentaneum
1467 1624 1560 1671 est;
1594 1617 1678 1664 sed
1702 1631 1856 1678 pauca

230 1700 281 1744 in
314 1701 382 1746 eis
414 1700 626 1762 reperias
657 1715 782 1761 quae
814 1699 1031 1745 sermoni
1071 1714 1170 1759 quo
1202 1697 1399 1743 Etheria
1432 1712 1521 1742 usa
1556 1701 1628 1741 est
1658 1694 1856 1756 propria

231 1793 333 1824 esse
368 1778 651 1830 uideantur;
690 1778 950 1839 pleraeque
984 1776 1192 1822 mendae
1225 1781 1272 1821 et
1305 1774 1437 1835 apud
1471 1773 1592 1819 alios
1621 1771 1856 1832 temporis

232 1855 494 1916 scriptores
520 1861 803 1902 occurrunt.

295 1933 527 1978 Ceterum
572 1933 632 1977 de
684 1932 921 1993 cuiusque
975 1929 1316 1976 declinationis
1370 1927 1543 1973 formis
1597 1926 1850 1975 disserere,

229 2011 411 2072 quippe
444 2026 568 2071 quae
598 2025 709 2055 raro
751 2009 866 2054 satis
907 2009 958 2053 in
993 2007 1157 2052 libello
1192 2006 1516 2068 reperiantur,
1562 2018 1676 2049 cum
1712 2002 1855 2048 nobis

229 2087 362 2133 haud
387 2093 728 2149 opportunum
752 2101 855 2132 esse
880 2085 1147 2136 uideretur,
1176 2099 1256 2129 eas
1287 2098 1478 2134 omnes,
1513 2081 1634 2126 dum
1659 2080 1718 2126 de
1743 2094 1858 2125 casu

230 2180 428 2226 quoque
452 2165 768 2225 disceptatur,
797 2163 937 2225 quasi
964 2163 1015 2207 in
1040 2176 1201 2207 unum
1231 2159 1592 2220 congessimus.

295 2321 622 2366 Accvsmwvs
657 2335 947 2364 smevmms.
972 2346 1032 2352 —
1059 2319 1169 2377 Quo
1194 2317 1302 2362 loco
1327 2316 1387 2362 de
1412 2333 1461 2360 m
1491 2315 1861 2360 obmutescente

231 2397 580 2443 disseruimus¹
617 2396 962 2443 confusionem
1005 2395 1257 2457 quandam
1289 2393 1340 2438 in
1372 2393 1467 2438 hoc
1491 2408 1607 2438 casu
1638 2390 1861 2437 euenisse

231 2475 696 2526 animaduertimus;
727 2489 825 2535 quo
852 2474 907 2519 fit
931 2479 1002 2525 ut,
1032 2488 1147 2519 cum
1173 2472 1293 2517 haec
1312 2470 1534 2531 exempla
1558 2470 1692 2529 legas
1716 2484 1725 2513 t
1746 2477 1860 2529 post

237 2551 407 2607 biduo,
455 2552 533 2604 68,
564 2553 614 2604 ἀς
649 2568 742 2614 per
776 2550 966 2603 triduo,
1005 2551 1082 2613 76,
1124 2550 1211 2602 3o;
1238 2559 1355 2594 ante
1379 2546 1500 2602 sole,
1543 2546 1621 2599 80,
1657 2546 1730 2598 16,
1765 2551 1856 2590 etc.

235 2630 479 2691 quosdam
527 2635 692 2690 turpes
735 2628 1051 2675 soloecismos
1091 2627 1159 2673 eis
1200 2626 1360 2672 inesse
1401 2624 1586 2670 credas.
1620 2624 1690 2669 Re
1723 2636 1857 2673 uera,

237 2713 503 2769 postquam
529 2706 779 2752 obmutuit
804 2724 866 2757 m,
901 2706 951 2750 in
977 2705 1071 2750 illis
1096 2703 1298 2765 quidem
1324 2701 1613 2748 nominibus
1646 2714 1861 2761 quorum

235 2785 543 2830 accusatiuus
569 2784 620 2828 in
645 2800 764 2833 -em,
797 2785 910 2834 -ίηι,
944 2799 1072 2831 -am,
1105 2781 1249 2832 cadit,
1280 2795 1420 2826 casus
1444 2779 1523 2824 ille
1554 2776 1861 2824 accusatiuus

237 2861 471 2913 ablatiuo‚
518 2861 566 2905 in
608 2860 777 2906 ceteris
802 2865 969 2905 contra
998 2858 1285 2904 nominibus
1311 2856 1479 2902 datiuo
1505 2854 1679 2901 similis
1704 2854 1860 2898 factus

235 2944 323 2984 est.
363 2939 434 2984 De
464 2953 563 3000 quo
595 2953 710 2984 cum
736 2938 834 2983 iam
874 2937 926 2981 in
951 2936 1113 2998 primo
1148 2935 1306 2996 capite
1340 2934 1457 2980 satis
1496 2932 1737 2994 scriptum
1780 2930 1858 2981 sit,

243 3015 342 3060 iam
377 3016 436 3061 ad
469 3030 653 3060 nouam
688 3029 852 3060 rerum
886 3014 1060 3060 seriem
1085 3011 1446 3073 explanandam
1476 3010 1545 3056 ire
1576 3021 1858 3070 pergamus.

321 3187 348 3215 1.
386 3176 441 3209 Cf.
461 3185 589 3226 supra,
612 3186 649 3219 p.
676 3174 715 3208 13
735 3185 790 3217 sq.
