2075 3585
1789 240 1806 253 r-

672 259 727 285 DE
759 256 999 285 VOCALIBVS
1035 255 1331 291 CONSONISQVE
1763 256 1811 282 10

188 370 323 403 suso,
354 352 430 404 56,
455 353 537 404 253
575 351 736 412 (susa,
767 367 844 412 92,
870 366 951 410 17;
982 349 1059 401 86,
1090 348 1188 409 13);
1226 365 1431 393 reuersa
1457 364 1567 392 sum
1604 347 1808 406 Tharsa,

192 447 267 490 70,
303 430 375 474 13.

251 505 575 552 Accusatiuus
601 503 888 566 (ablatiuus)
922 503 1082 548 littera
1116 520 1166 546 m
1197 502 1380 547 omissa
1411 502 1460 546 in
1489 501 1648 562 prima
1674 501 1813 547 decli-

190 583 390 629 natione
413 600 422 628 :
453 599 608 644 usque
635 581 706 627 ad
730 582 875 633 lwra,
901 581 979 632 86,
1003 580 1058 631 8;
1089 582 1225 625 intra
1250 578 1512 640 spelunca,
1535 578 1614 631 84,
1639 579 1723 630 303
1747 579 1816 623 ml

192 662 357 713 tercia,
391 660 469 711 84,
499 662 580 711 153
620 658 690 704 acl
724 675 876 709 nona,
907 657 985 709 84,
1017 657 1098 709 163
1129 658 1404 702 intrat...ite
1439 655 1700 717 spelunca,
1732 656 1810 707 85,

196 754 277 789 11;
310 754 405 799 per
430 747 533 782 tota
558 735 653 790 die,
692 736 770 787 85,
801 736 853 788 8;
892 751 1048 796 usque
1080 733 1151 779 acl
1180 750 1331 784 nona,
1367 733 1446 794 89,
1477 733 1532 785 8;
1560 749 1657 795 per
1687 731 1815 778 Pas-

193 816 306 867 clm,
347 831 425 877 91,
461 831 533 861 II.

256 891 357 939 Per
391 890 527 937 ualle
560 892 686 952 ipsa,
720 890 796 943 43,
827 891 913 942 45;
954 890 1085 935 inter
1107 887 1265 934 Cruce
1292 898 1337 933 et
1361 887 1625 940 Anas-mse,
1656 888 1734 949 89,
1760 889 1811 940 5;

194 971 329 1014 intra
354 969 578 1020 ciuitate,
608 968 685 1020 65,
711 968 761 1020 63
783 977 902 1029 post
922 966 1149 1018 les-tione,
1175 967 1252 1017 52,
1282 982 1298 1010 1
1320 982 1328 1018 ;
1357 964 1428 1010 ad
1445 964 1711 1017 Anastase,
1735 965 1813 1016 83,

198 1063 276 1099 11;
306 1045 545 1091 ascendet
570 1045 619 1091 ιή
646 1054 830 1097 monte,
861 1044 939 1096 83,
969 1058 1067 1104 171.

259 1123 386 1168 Haec
417 1122 618 1184 quidem
653 1122 871 1183 exempla
906 1127 1004 1166 tam
1039 1120 1099 1166 ad
1134 1120 1361 1181 syntaxin
1395 1136 1546 1181 quam
1584 1119 1645 1165 ad
1685 1119 1819 1166 hunc

192 1200 358 1246 locum
373 1199 615 1261 pertinere
634 1199 767 1244 haud
788 1198 951 1244 nescio
967 1214 976 1250 ;
995 1198 1078 1243 sed
1097 1213 1152 1243 ex
1173 1197 1491 1259 sequentibus
1507 1197 1820 1259 intellegetur

193 1295 280 1325 cur
304 1294 358 1324 ea
385 1278 465 1323 hic
491 1277 839 1339 perpendenda
865 1276 1218 1322 existimemus.
1248 1275 1379 1322 Licet
1404 1275 1538 1320 enim
1558 1275 1819 1321 obseruare

194 1355 325 1401 idem
350 1355 484 1416 quod
505 1370 651 1416 supra
669 1354 720 1399 in
740 1353 1040 1415 quibusdam
1061 1351 1331 1398 uerbormn
1350 1352 1782 1398 terminationibus
1807 1368 1816 1397 :

196 1433 263 1478 sic
294 1448 438 1477 nosse
462 1447 552 1493 pro
578 1448 793 1483 nossem,
831 1431 907 1483 46,
939 1447 1022 1482 223
1063 1431 1143 1481 50,
1178 1430 1231 1481 14
1259 1446 1268 1482 ;
1308 1431 1505 1474 uenisse
1537 1445 1626 1490 pro
1658 1430 1822 1474 uenis-

195 1526 316 1561 sem,
346 1508 423 1560 6o,
455 1508 509 1561 8,
539 1507 778 1553 accedere
803 1523 892 1569 pro
919 1506 1230 1558 accederem,
1262 1507 1339 1568 69,
1370 1523 1421 1551 12
1440 1524 1471 1551 π.

261 1586 445 1631 Contra
478 1586 598 1631 falso
624 1584 886 1653 adhibetur
910 1584 1071 1630 littera
1096 1600 1145 1628 m
1170 1583 1460 1629 nominibus
1487 1583 1784 1644 quibusdam
1808 1598 1817 1627 z

196 1679 293 1724 qua
341 1663 498 1708 adfixa
546 1662 665 1708 11300
713 1662 917 1708 nomina
977 1667 1142 1723 turpes
1200 1661 1479 1707 soloecismi
1534 1660 1663 1706 fiunt
1693 1676 1702 1705 :
1755 1659 1822 1705 sic

197 1742 388 1785 acrium
407 1739 678 1804 grandem,
709 1739 787 1792 80,
813 1745 886 1801 93.
918 1738 992 1785 Cf.
1023 1755 1177 1800 quam
1202 1753 1292 1800 pro
1317 1754 1419 1800 qua
1447 1737 1524 1799 96,
1560 1736 1632 1789 16,
1662 1743 1708 1782 et
1730 1736 1821 1781 ad—

196 1822 300 1863 not.
331 1816 437 1863 erit.
478 1817 531 1861 P.
561 1816 733 1877 Geyeri
768 1816 862 1862 hoc
894 1817 1020 1862 loco.

261 1894 324 1939 Ut
358 1894 418 1939 ad
451 1894 613 1955 priora
640 1893 862 1954 exempla
896 1898 1221 1944 reuertamur,
1259 1907 1316 1937 ex
1345 1890 1754 1952 inquisitionibus
1798 1906 1823 1935 a

197 1971 343 2017 docto
385 1972 492 2016 uiro
544 1971 739 2031 Carnoy
790 1970 1030 2031 susceptis
1070 1973 1290 2015 constats=
1332 1969 1432 2013 iam
1484 1968 1657 2029 primis
1710 1973 1824 2029 post

200 2049 453 2094 Christum
481 2049 683 2094 saeculis
702 2066 747 2092 m
777 2048 828 2092 111
848 2047 1256 2108 inscriptionibus
1277 2046 1540 2107 Hispaniae
1559 2044 1824 2107 aliquando

199 2126 277 2172 uel
301 2126 422 2171 falso
450 2125 723 2170 adhibitam
748 2126 826 2170 uel
852 2124 1059 2170 omnino
1085 2124 1321 2169 omissam
1346 2129 1492 2171 05505.

266 2299 304 2345 S
346 2300 394 2343 in
435 2299 533 2344 fine
557 2298 825 2343 uerborum
866 2297 1024 2357 posita
1071 2296 1252 2342 intacta
1292 2295 1582 2357 permansit,
1626 2302 1825 2356 excepto

200 2392 301 2422 uno
327 2376 422 2421 1100
445 2376 553 2421 1000
578 2391 586 2419 :
624 2374 773 2436 quale
799 2390 887 2435 pro
914 2372 1089 2435 quales
1121 2373 1293 2434 (cod.),
1324 2373 1401 2425 62,
1433 2389 1508 2418 20.
1540 2373 1608 2418 Ex
1633 2373 1826 2418 duobus

201 2453 334 2499 enim
364 2453 483 2499 locis
520 2469 545 2498 a
588 2452 739 2497 Paulo
780 2451 934 2512 Geyer
967 2451 1016 2495 in
1053 2450 1275 2496 medium
1310 2450 1523 2496 11003115Ο
1560 2450 1683 2495 nihil
1719 2466 1828 2495 con-

201 2531 394 2577 cludere
439 2531 566 2583 licet,
613 2545 727 2575 011111
761 2530 809 2574 111
853 2534 1062 2590 utroque
1100 2544 1310 2590 sequens
1351 2547 1374 2572 ,s-
1412 2527 1646 2573 mendam
1688 2527 1827 2588 quasi

278 2697 306 2719 1.
338 2685 535 2728 Pleraque,
556 2684 620 2718 scd
640 2693 718 2717 non
738 2683 870 2717 omnia
888 2682 1064 2727 exempla
1082 2693 1101 2716 0
1121 2682 1251 2716 libello
1269 2681 1543 2726 excerpsimus.

274 2754 306 2774 2.
338 2741 401 2775 His
433 2740 561 2775 uerbis
591 2740 748 2783 signum
779 2739 1080 2773 abbreuiationis
1109 2739 1236 2773 deesse
1273 2738 1380 2782 quod
1411 2738 1535 2772 uocali
1568 2747 1829 2782 superponere

202 2798 327 2833 solent
345 2797 491 2831 librarii
510 2797 648 2841 aliquis
666 2797 824 2830 forsitan
845 2796 1037 2830 existimet
1054 2806 1061 2828 ι
1084 2796 1149 2829 sed
1169 2795 1207 2828 id
1227 2794 1340 2838 plane
1356 2795 1563 2829 incertum.
1579 2796 1741 2838 Carpere
1760 2805 1829 2838 pro

203 2865 392 2898 carperem
410 2854 553 2897 legitur
572 2853 626 2895 (in
646 2862 762 2887 uersu
782 2852 972 2896 quodam)
991 2863 1051 2895 ap.
1073 2853 1236 2894 Carnoy,
1259 2862 1296 2894 p.
1321 2851 1401 2884 213.

274 2911 306 2944 3.
338 2910 455 2944 Hicne
489 2909 635 2943 atrium
670 2919 740 2953 pro
777 2908 990 2943 masculino
1025 2907 1207 2941 habitum
1239 2907 1298 2948 sit,
1328 2906 1525 2942 incertum
1560 2916 1730 2951 quoque.
1773 2906 1827 2939 Cf.

204 2968 316 3001 infra.

276 3023 308 3061 4.
339 3022 500 3064 (Iarnoy,
530 3032 568 3065 p.
599 3032 678 3066 219.

274 3078 306 3112 5.
336 3079 390 3112 Dc
408 3078 541 3111 eadem
561 3088 600 3111 re
618 3076 656 3110 in
677 3076 786 3110 Libro
805 3075 981 3110 ordinum
1001 3075 1090 3110 uide
1109 3073 1276 3117 Ferotim
1298 3084 1327 3109 e.
1352 3074 1519 3109 560-501.

274 3133 307 3167 6.
339 3134 420 3168 Ιίίη.
442 3133 599 3174 Hieros„
623 3132 797 3174 Pracl’at„
820 3143 857 3175 p.
881 3143 929 3165 xi.
